%YAML 1.1
%TAG !u! tag:unity3d.com,2011:
--- !u!1 &7308137263861390000
GameObject:
  m_ObjectHideFlags: 0
  m_CorrespondingSourceObject: {fileID: 0}
  m_PrefabInstance: {fileID: 0}
  m_PrefabAsset: {fileID: 0}
  serializedVersion: 6
  m_Component:
  - component: {fileID: 7308137263861390015}
  m_Layer: 0
  m_Name: Grid
  m_TagString: Untagged
  m_Icon: {fileID: 0}
  m_NavMeshLayer: 0
  m_StaticEditorFlags: 0
  m_IsActive: 1
--- !u!4 &7308137263861390015
Transform:
  m_ObjectHideFlags: 0
  m_CorrespondingSourceObject: {fileID: 0}
  m_PrefabInstance: {fileID: 0}
  m_PrefabAsset: {fileID: 0}
  m_GameObject: {fileID: 7308137263861390000}
  m_LocalRotation: {x: 0, y: 0, z: 0, w: 1}
  m_LocalPosition: {x: 0, y: 0, z: 0}
  m_LocalScale: {x: 1, y: 1, z: 1}
  m_Children:
  - {fileID: 7308137265109344668}
  - {fileID: 5645444292866164547}
  - {fileID: 7112792853028099085}
  - {fileID: 1519846039208761604}
  - {fileID: 6689193400323201446}
  - {fileID: 8344501432172062731}
  - {fileID: 1389497680870573815}
  - {fileID: 740530308107337044}
  - {fileID: 569632761249601140}
  - {fileID: 5816729896029093505}
  - {fileID: 7711803927234587268}
  - {fileID: 1983728110726486994}
  - {fileID: 8503898693254468019}
  - {fileID: 3524979861937427447}
  - {fileID: 3801216414617391159}
  - {fileID: 8384252821328898427}
  - {fileID: 6471465245130976797}
  - {fileID: 6537044828061293151}
  - {fileID: 1412949820682038398}
  - {fileID: 2247192388992028932}
  - {fileID: 8157646534508759900}
  - {fileID: 6401324532660842556}
  - {fileID: 8140624883726309761}
  - {fileID: 2541727508258090304}
  - {fileID: 5544270679315205550}
  - {fileID: 4192757561276213873}
  m_Father: {fileID: 0}
  m_RootOrder: 0
  m_LocalEulerAnglesHint: {x: 0, y: 0, z: 0}
--- !u!1001 &187473734201013464
PrefabInstance:
  m_ObjectHideFlags: 0
  serializedVersion: 2
  m_Modification:
    m_TransformParent: {fileID: 7308137263861390015}
    m_Modifications:
    - target: {fileID: 7489963649338398020, guid: 8adaee0541034f546a0ba84d770f43c1,
        type: 3}
      propertyPath: m_LocalPosition.x
      value: 0.5
      objectReference: {fileID: 0}
    - target: {fileID: 7489963649338398020, guid: 8adaee0541034f546a0ba84d770f43c1,
        type: 3}
      propertyPath: m_LocalPosition.y
      value: -4.5
      objectReference: {fileID: 0}
    - target: {fileID: 7489963649338398020, guid: 8adaee0541034f546a0ba84d770f43c1,
        type: 3}
      propertyPath: m_LocalPosition.z
      value: 0
      objectReference: {fileID: 0}
    - target: {fileID: 7489963649338398020, guid: 8adaee0541034f546a0ba84d770f43c1,
        type: 3}
      propertyPath: m_LocalRotation.x
      value: 0
      objectReference: {fileID: 0}
    - target: {fileID: 7489963649338398020, guid: 8adaee0541034f546a0ba84d770f43c1,
        type: 3}
      propertyPath: m_LocalRotation.y
      value: 0
      objectReference: {fileID: 0}
    - target: {fileID: 7489963649338398020, guid: 8adaee0541034f546a0ba84d770f43c1,
        type: 3}
      propertyPath: m_LocalRotation.z
      value: 0
      objectReference: {fileID: 0}
    - target: {fileID: 7489963649338398020, guid: 8adaee0541034f546a0ba84d770f43c1,
        type: 3}
      propertyPath: m_LocalRotation.w
      value: 1
      objectReference: {fileID: 0}
    - target: {fileID: 7489963649338398020, guid: 8adaee0541034f546a0ba84d770f43c1,
        type: 3}
      propertyPath: m_RootOrder
      value: 0
      objectReference: {fileID: 0}
    - target: {fileID: 7489963649338398020, guid: 8adaee0541034f546a0ba84d770f43c1,
        type: 3}
      propertyPath: m_LocalEulerAnglesHint.x
      value: 0
      objectReference: {fileID: 0}
    - target: {fileID: 7489963649338398020, guid: 8adaee0541034f546a0ba84d770f43c1,
        type: 3}
      propertyPath: m_LocalEulerAnglesHint.y
      value: 0
      objectReference: {fileID: 0}
    - target: {fileID: 7489963649338398020, guid: 8adaee0541034f546a0ba84d770f43c1,
        type: 3}
      propertyPath: m_LocalEulerAnglesHint.z
      value: 0
      objectReference: {fileID: 0}
    - target: {fileID: 7489963649338398021, guid: 8adaee0541034f546a0ba84d770f43c1,
        type: 3}
      propertyPath: m_Name
      value: Grid Block
      objectReference: {fileID: 0}
    m_RemovedComponents: []
  m_SourcePrefab: {fileID: 100100000, guid: 8adaee0541034f546a0ba84d770f43c1, type: 3}
--- !u!4 &7308137265109344668 stripped
Transform:
  m_CorrespondingSourceObject: {fileID: 7489963649338398020, guid: 8adaee0541034f546a0ba84d770f43c1,
    type: 3}
  m_PrefabInstance: {fileID: 187473734201013464}
  m_PrefabAsset: {fileID: 0}
--- !u!1001 &379433952169558345
PrefabInstance:
  m_ObjectHideFlags: 0
  serializedVersion: 2
  m_Modification:
    m_TransformParent: {fileID: 7308137263861390015}
    m_Modifications:
    - target: {fileID: 7489963649338398020, guid: 8adaee0541034f546a0ba84d770f43c1,
        type: 3}
      propertyPath: m_LocalPosition.x
      value: -1.5
      objectReference: {fileID: 0}
    - target: {fileID: 7489963649338398020, guid: 8adaee0541034f546a0ba84d770f43c1,
        type: 3}
      propertyPath: m_LocalPosition.y
      value: -4.5
      objectReference: {fileID: 0}
    - target: {fileID: 7489963649338398020, guid: 8adaee0541034f546a0ba84d770f43c1,
        type: 3}
      propertyPath: m_LocalPosition.z
      value: 0
      objectReference: {fileID: 0}
    - target: {fileID: 7489963649338398020, guid: 8adaee0541034f546a0ba84d770f43c1,
        type: 3}
      propertyPath: m_LocalRotation.x
      value: 0
      objectReference: {fileID: 0}
    - target: {fileID: 7489963649338398020, guid: 8adaee0541034f546a0ba84d770f43c1,
        type: 3}
      propertyPath: m_LocalRotation.y
      value: 0
      objectReference: {fileID: 0}
    - target: {fileID: 7489963649338398020, guid: 8adaee0541034f546a0ba84d770f43c1,
        type: 3}
      propertyPath: m_LocalRotation.z
      value: 0
      objectReference: {fileID: 0}
    - target: {fileID: 7489963649338398020, guid: 8adaee0541034f546a0ba84d770f43c1,
        type: 3}
      propertyPath: m_LocalRotation.w
      value: 1
      objectReference: {fileID: 0}
    - target: {fileID: 7489963649338398020, guid: 8adaee0541034f546a0ba84d770f43c1,
        type: 3}
      propertyPath: m_RootOrder
      value: 2
      objectReference: {fileID: 0}
    - target: {fileID: 7489963649338398020, guid: 8adaee0541034f546a0ba84d770f43c1,
        type: 3}
      propertyPath: m_LocalEulerAnglesHint.x
      value: 0
      objectReference: {fileID: 0}
    - target: {fileID: 7489963649338398020, guid: 8adaee0541034f546a0ba84d770f43c1,
        type: 3}
      propertyPath: m_LocalEulerAnglesHint.y
      value: 0
      objectReference: {fileID: 0}
    - target: {fileID: 7489963649338398020, guid: 8adaee0541034f546a0ba84d770f43c1,
        type: 3}
      propertyPath: m_LocalEulerAnglesHint.z
      value: 0
      objectReference: {fileID: 0}
    - target: {fileID: 7489963649338398021, guid: 8adaee0541034f546a0ba84d770f43c1,
        type: 3}
      propertyPath: m_Name
      value: Grid Block (2)
      objectReference: {fileID: 0}
    m_RemovedComponents: []
  m_SourcePrefab: {fileID: 100100000, guid: 8adaee0541034f546a0ba84d770f43c1, type: 3}
--- !u!4 &7112792853028099085 stripped
Transform:
  m_CorrespondingSourceObject: {fileID: 7489963649338398020, guid: 8adaee0541034f546a0ba84d770f43c1,
    type: 3}
  m_PrefabInstance: {fileID: 379433952169558345}
  m_PrefabAsset: {fileID: 0}
--- !u!1001 &933483797727477696
PrefabInstance:
  m_ObjectHideFlags: 0
  serializedVersion: 2
  m_Modification:
    m_TransformParent: {fileID: 7308137263861390015}
    m_Modifications:
    - target: {fileID: 7489963649338398020, guid: 8adaee0541034f546a0ba84d770f43c1,
        type: 3}
      propertyPath: m_LocalPosition.x
      value: -3.5
      objectReference: {fileID: 0}
    - target: {fileID: 7489963649338398020, guid: 8adaee0541034f546a0ba84d770f43c1,
        type: 3}
      propertyPath: m_LocalPosition.y
      value: -1.5
      objectReference: {fileID: 0}
    - target: {fileID: 7489963649338398020, guid: 8adaee0541034f546a0ba84d770f43c1,
        type: 3}
      propertyPath: m_LocalPosition.z
      value: 0
      objectReference: {fileID: 0}
    - target: {fileID: 7489963649338398020, guid: 8adaee0541034f546a0ba84d770f43c1,
        type: 3}
      propertyPath: m_LocalRotation.x
      value: 0
      objectReference: {fileID: 0}
    - target: {fileID: 7489963649338398020, guid: 8adaee0541034f546a0ba84d770f43c1,
        type: 3}
      propertyPath: m_LocalRotation.y
      value: 0
      objectReference: {fileID: 0}
    - target: {fileID: 7489963649338398020, guid: 8adaee0541034f546a0ba84d770f43c1,
        type: 3}
      propertyPath: m_LocalRotation.z
      value: 0
      objectReference: {fileID: 0}
    - target: {fileID: 7489963649338398020, guid: 8adaee0541034f546a0ba84d770f43c1,
        type: 3}
      propertyPath: m_LocalRotation.w
      value: 1
      objectReference: {fileID: 0}
    - target: {fileID: 7489963649338398020, guid: 8adaee0541034f546a0ba84d770f43c1,
        type: 3}
      propertyPath: m_RootOrder
      value: 10
      objectReference: {fileID: 0}
    - target: {fileID: 7489963649338398020, guid: 8adaee0541034f546a0ba84d770f43c1,
        type: 3}
      propertyPath: m_LocalEulerAnglesHint.x
      value: 0
      objectReference: {fileID: 0}
    - target: {fileID: 7489963649338398020, guid: 8adaee0541034f546a0ba84d770f43c1,
        type: 3}
      propertyPath: m_LocalEulerAnglesHint.y
      value: 0
      objectReference: {fileID: 0}
    - target: {fileID: 7489963649338398020, guid: 8adaee0541034f546a0ba84d770f43c1,
        type: 3}
      propertyPath: m_LocalEulerAnglesHint.z
      value: 0
      objectReference: {fileID: 0}
    - target: {fileID: 7489963649338398021, guid: 8adaee0541034f546a0ba84d770f43c1,
        type: 3}
      propertyPath: m_Name
      value: Grid Block (10)
      objectReference: {fileID: 0}
    m_RemovedComponents: []
  m_SourcePrefab: {fileID: 100100000, guid: 8adaee0541034f546a0ba84d770f43c1, type: 3}
--- !u!4 &7711803927234587268 stripped
Transform:
  m_CorrespondingSourceObject: {fileID: 7489963649338398020, guid: 8adaee0541034f546a0ba84d770f43c1,
    type: 3}
  m_PrefabInstance: {fileID: 933483797727477696}
  m_PrefabAsset: {fileID: 0}
--- !u!1001 &1293193415188546807
PrefabInstance:
  m_ObjectHideFlags: 0
  serializedVersion: 2
  m_Modification:
    m_TransformParent: {fileID: 7308137263861390015}
    m_Modifications:
    - target: {fileID: 7489963649338398020, guid: 8adaee0541034f546a0ba84d770f43c1,
        type: 3}
      propertyPath: m_LocalPosition.x
      value: -3.5
      objectReference: {fileID: 0}
    - target: {fileID: 7489963649338398020, guid: 8adaee0541034f546a0ba84d770f43c1,
        type: 3}
      propertyPath: m_LocalPosition.y
      value: 0.5
      objectReference: {fileID: 0}
    - target: {fileID: 7489963649338398020, guid: 8adaee0541034f546a0ba84d770f43c1,
        type: 3}
      propertyPath: m_LocalPosition.z
      value: 0
      objectReference: {fileID: 0}
    - target: {fileID: 7489963649338398020, guid: 8adaee0541034f546a0ba84d770f43c1,
        type: 3}
      propertyPath: m_LocalRotation.x
      value: 0
      objectReference: {fileID: 0}
    - target: {fileID: 7489963649338398020, guid: 8adaee0541034f546a0ba84d770f43c1,
        type: 3}
      propertyPath: m_LocalRotation.y
      value: 0
      objectReference: {fileID: 0}
    - target: {fileID: 7489963649338398020, guid: 8adaee0541034f546a0ba84d770f43c1,
        type: 3}
      propertyPath: m_LocalRotation.z
      value: 0
      objectReference: {fileID: 0}
    - target: {fileID: 7489963649338398020, guid: 8adaee0541034f546a0ba84d770f43c1,
        type: 3}
      propertyPath: m_LocalRotation.w
      value: 1
      objectReference: {fileID: 0}
    - target: {fileID: 7489963649338398020, guid: 8adaee0541034f546a0ba84d770f43c1,
        type: 3}
      propertyPath: m_RootOrder
      value: 12
      objectReference: {fileID: 0}
    - target: {fileID: 7489963649338398020, guid: 8adaee0541034f546a0ba84d770f43c1,
        type: 3}
      propertyPath: m_LocalEulerAnglesHint.x
      value: 0
      objectReference: {fileID: 0}
    - target: {fileID: 7489963649338398020, guid: 8adaee0541034f546a0ba84d770f43c1,
        type: 3}
      propertyPath: m_LocalEulerAnglesHint.y
      value: 0
      objectReference: {fileID: 0}
    - target: {fileID: 7489963649338398020, guid: 8adaee0541034f546a0ba84d770f43c1,
        type: 3}
      propertyPath: m_LocalEulerAnglesHint.z
      value: 0
      objectReference: {fileID: 0}
    - target: {fileID: 7489963649338398021, guid: 8adaee0541034f546a0ba84d770f43c1,
        type: 3}
      propertyPath: m_Name
      value: Grid Block (12)
      objectReference: {fileID: 0}
    m_RemovedComponents: []
  m_SourcePrefab: {fileID: 100100000, guid: 8adaee0541034f546a0ba84d770f43c1, type: 3}
--- !u!4 &8503898693254468019 stripped
Transform:
  m_CorrespondingSourceObject: {fileID: 7489963649338398020, guid: 8adaee0541034f546a0ba84d770f43c1,
    type: 3}
  m_PrefabInstance: {fileID: 1293193415188546807}
  m_PrefabAsset: {fileID: 0}
--- !u!1001 &1417345004158286911
PrefabInstance:
  m_ObjectHideFlags: 0
  serializedVersion: 2
  m_Modification:
    m_TransformParent: {fileID: 7308137263861390015}
    m_Modifications:
    - target: {fileID: 7489963649338398020, guid: 8adaee0541034f546a0ba84d770f43c1,
        type: 3}
      propertyPath: m_LocalPosition.x
      value: -3.5
      objectReference: {fileID: 0}
    - target: {fileID: 7489963649338398020, guid: 8adaee0541034f546a0ba84d770f43c1,
        type: 3}
      propertyPath: m_LocalPosition.y
      value: 3.5
      objectReference: {fileID: 0}
    - target: {fileID: 7489963649338398020, guid: 8adaee0541034f546a0ba84d770f43c1,
        type: 3}
      propertyPath: m_LocalPosition.z
      value: 0
      objectReference: {fileID: 0}
    - target: {fileID: 7489963649338398020, guid: 8adaee0541034f546a0ba84d770f43c1,
        type: 3}
      propertyPath: m_LocalRotation.x
      value: 0
      objectReference: {fileID: 0}
    - target: {fileID: 7489963649338398020, guid: 8adaee0541034f546a0ba84d770f43c1,
        type: 3}
      propertyPath: m_LocalRotation.y
      value: 0
      objectReference: {fileID: 0}
    - target: {fileID: 7489963649338398020, guid: 8adaee0541034f546a0ba84d770f43c1,
        type: 3}
      propertyPath: m_LocalRotation.z
      value: 0
      objectReference: {fileID: 0}
    - target: {fileID: 7489963649338398020, guid: 8adaee0541034f546a0ba84d770f43c1,
        type: 3}
      propertyPath: m_LocalRotation.w
      value: 1
      objectReference: {fileID: 0}
    - target: {fileID: 7489963649338398020, guid: 8adaee0541034f546a0ba84d770f43c1,
        type: 3}
      propertyPath: m_RootOrder
      value: 15
      objectReference: {fileID: 0}
    - target: {fileID: 7489963649338398020, guid: 8adaee0541034f546a0ba84d770f43c1,
        type: 3}
      propertyPath: m_LocalEulerAnglesHint.x
      value: 0
      objectReference: {fileID: 0}
    - target: {fileID: 7489963649338398020, guid: 8adaee0541034f546a0ba84d770f43c1,
        type: 3}
      propertyPath: m_LocalEulerAnglesHint.y
      value: 0
      objectReference: {fileID: 0}
    - target: {fileID: 7489963649338398020, guid: 8adaee0541034f546a0ba84d770f43c1,
        type: 3}
      propertyPath: m_LocalEulerAnglesHint.z
      value: 0
      objectReference: {fileID: 0}
    - target: {fileID: 7489963649338398021, guid: 8adaee0541034f546a0ba84d770f43c1,
        type: 3}
      propertyPath: m_Name
      value: Grid Block (15)
      objectReference: {fileID: 0}
    m_RemovedComponents: []
  m_SourcePrefab: {fileID: 100100000, guid: 8adaee0541034f546a0ba84d770f43c1, type: 3}
--- !u!4 &8384252821328898427 stripped
Transform:
  m_CorrespondingSourceObject: {fileID: 7489963649338398020, guid: 8adaee0541034f546a0ba84d770f43c1,
    type: 3}
  m_PrefabInstance: {fileID: 1417345004158286911}
  m_PrefabAsset: {fileID: 0}
--- !u!1001 &1458090501751045455
PrefabInstance:
  m_ObjectHideFlags: 0
  serializedVersion: 2
  m_Modification:
    m_TransformParent: {fileID: 7308137263861390015}
    m_Modifications:
    - target: {fileID: 7489963649338398020, guid: 8adaee0541034f546a0ba84d770f43c1,
        type: 3}
      propertyPath: m_LocalPosition.x
      value: 1.5
      objectReference: {fileID: 0}
    - target: {fileID: 7489963649338398020, guid: 8adaee0541034f546a0ba84d770f43c1,
        type: 3}
      propertyPath: m_LocalPosition.y
      value: -4.5
      objectReference: {fileID: 0}
    - target: {fileID: 7489963649338398020, guid: 8adaee0541034f546a0ba84d770f43c1,
        type: 3}
      propertyPath: m_LocalPosition.z
      value: 0
      objectReference: {fileID: 0}
    - target: {fileID: 7489963649338398020, guid: 8adaee0541034f546a0ba84d770f43c1,
        type: 3}
      propertyPath: m_LocalRotation.x
      value: 0
      objectReference: {fileID: 0}
    - target: {fileID: 7489963649338398020, guid: 8adaee0541034f546a0ba84d770f43c1,
        type: 3}
      propertyPath: m_LocalRotation.y
      value: 0
      objectReference: {fileID: 0}
    - target: {fileID: 7489963649338398020, guid: 8adaee0541034f546a0ba84d770f43c1,
        type: 3}
      propertyPath: m_LocalRotation.z
      value: 0
      objectReference: {fileID: 0}
    - target: {fileID: 7489963649338398020, guid: 8adaee0541034f546a0ba84d770f43c1,
        type: 3}
      propertyPath: m_LocalRotation.w
      value: 1
      objectReference: {fileID: 0}
    - target: {fileID: 7489963649338398020, guid: 8adaee0541034f546a0ba84d770f43c1,
        type: 3}
      propertyPath: m_RootOrder
      value: 5
      objectReference: {fileID: 0}
    - target: {fileID: 7489963649338398020, guid: 8adaee0541034f546a0ba84d770f43c1,
        type: 3}
      propertyPath: m_LocalEulerAnglesHint.x
      value: 0
      objectReference: {fileID: 0}
    - target: {fileID: 7489963649338398020, guid: 8adaee0541034f546a0ba84d770f43c1,
        type: 3}
      propertyPath: m_LocalEulerAnglesHint.y
      value: 0
      objectReference: {fileID: 0}
    - target: {fileID: 7489963649338398020, guid: 8adaee0541034f546a0ba84d770f43c1,
        type: 3}
      propertyPath: m_LocalEulerAnglesHint.z
      value: 0
      objectReference: {fileID: 0}
    - target: {fileID: 7489963649338398021, guid: 8adaee0541034f546a0ba84d770f43c1,
        type: 3}
      propertyPath: m_Name
      value: Grid Block (5)
      objectReference: {fileID: 0}
    m_RemovedComponents: []
  m_SourcePrefab: {fileID: 100100000, guid: 8adaee0541034f546a0ba84d770f43c1, type: 3}
--- !u!4 &8344501432172062731 stripped
Transform:
  m_CorrespondingSourceObject: {fileID: 7489963649338398020, guid: 8adaee0541034f546a0ba84d770f43c1,
    type: 3}
  m_PrefabInstance: {fileID: 1458090501751045455}
  m_PrefabAsset: {fileID: 0}
--- !u!1001 &1640570357300600344
PrefabInstance:
  m_ObjectHideFlags: 0
  serializedVersion: 2
  m_Modification:
    m_TransformParent: {fileID: 7308137263861390015}
    m_Modifications:
    - target: {fileID: 7489963649338398020, guid: 8adaee0541034f546a0ba84d770f43c1,
        type: 3}
      propertyPath: m_LocalPosition.x
      value: 3.5
      objectReference: {fileID: 0}
    - target: {fileID: 7489963649338398020, guid: 8adaee0541034f546a0ba84d770f43c1,
        type: 3}
      propertyPath: m_LocalPosition.y
      value: -0.5
      objectReference: {fileID: 0}
    - target: {fileID: 7489963649338398020, guid: 8adaee0541034f546a0ba84d770f43c1,
        type: 3}
      propertyPath: m_LocalPosition.z
      value: 0
      objectReference: {fileID: 0}
    - target: {fileID: 7489963649338398020, guid: 8adaee0541034f546a0ba84d770f43c1,
        type: 3}
      propertyPath: m_LocalRotation.x
      value: 0
      objectReference: {fileID: 0}
    - target: {fileID: 7489963649338398020, guid: 8adaee0541034f546a0ba84d770f43c1,
        type: 3}
      propertyPath: m_LocalRotation.y
      value: 0
      objectReference: {fileID: 0}
    - target: {fileID: 7489963649338398020, guid: 8adaee0541034f546a0ba84d770f43c1,
        type: 3}
      propertyPath: m_LocalRotation.z
      value: 0
      objectReference: {fileID: 0}
    - target: {fileID: 7489963649338398020, guid: 8adaee0541034f546a0ba84d770f43c1,
        type: 3}
      propertyPath: m_LocalRotation.w
      value: 1
      objectReference: {fileID: 0}
    - target: {fileID: 7489963649338398020, guid: 8adaee0541034f546a0ba84d770f43c1,
        type: 3}
      propertyPath: m_RootOrder
      value: 20
      objectReference: {fileID: 0}
    - target: {fileID: 7489963649338398020, guid: 8adaee0541034f546a0ba84d770f43c1,
        type: 3}
      propertyPath: m_LocalEulerAnglesHint.x
      value: 0
      objectReference: {fileID: 0}
    - target: {fileID: 7489963649338398020, guid: 8adaee0541034f546a0ba84d770f43c1,
        type: 3}
      propertyPath: m_LocalEulerAnglesHint.y
      value: 0
      objectReference: {fileID: 0}
    - target: {fileID: 7489963649338398020, guid: 8adaee0541034f546a0ba84d770f43c1,
        type: 3}
      propertyPath: m_LocalEulerAnglesHint.z
      value: 0
      objectReference: {fileID: 0}
    - target: {fileID: 7489963649338398021, guid: 8adaee0541034f546a0ba84d770f43c1,
        type: 3}
      propertyPath: m_Name
      value: Grid Block (20)
      objectReference: {fileID: 0}
    m_RemovedComponents: []
  m_SourcePrefab: {fileID: 100100000, guid: 8adaee0541034f546a0ba84d770f43c1, type: 3}
--- !u!4 &8157646534508759900 stripped
Transform:
  m_CorrespondingSourceObject: {fileID: 7489963649338398020, guid: 8adaee0541034f546a0ba84d770f43c1,
    type: 3}
  m_PrefabInstance: {fileID: 1640570357300600344}
  m_PrefabAsset: {fileID: 0}
--- !u!1001 &1659855128876879045
PrefabInstance:
  m_ObjectHideFlags: 0
  serializedVersion: 2
  m_Modification:
    m_TransformParent: {fileID: 7308137263861390015}
    m_Modifications:
    - target: {fileID: 7489963649338398020, guid: 8adaee0541034f546a0ba84d770f43c1,
        type: 3}
      propertyPath: m_LocalPosition.x
      value: 3.5
      objectReference: {fileID: 0}
    - target: {fileID: 7489963649338398020, guid: 8adaee0541034f546a0ba84d770f43c1,
        type: 3}
      propertyPath: m_LocalPosition.y
      value: 1.5
      objectReference: {fileID: 0}
    - target: {fileID: 7489963649338398020, guid: 8adaee0541034f546a0ba84d770f43c1,
        type: 3}
      propertyPath: m_LocalPosition.z
      value: 0
      objectReference: {fileID: 0}
    - target: {fileID: 7489963649338398020, guid: 8adaee0541034f546a0ba84d770f43c1,
        type: 3}
      propertyPath: m_LocalRotation.x
      value: 0
      objectReference: {fileID: 0}
    - target: {fileID: 7489963649338398020, guid: 8adaee0541034f546a0ba84d770f43c1,
        type: 3}
      propertyPath: m_LocalRotation.y
      value: 0
      objectReference: {fileID: 0}
    - target: {fileID: 7489963649338398020, guid: 8adaee0541034f546a0ba84d770f43c1,
        type: 3}
      propertyPath: m_LocalRotation.z
      value: 0
      objectReference: {fileID: 0}
    - target: {fileID: 7489963649338398020, guid: 8adaee0541034f546a0ba84d770f43c1,
        type: 3}
      propertyPath: m_LocalRotation.w
      value: 1
      objectReference: {fileID: 0}
    - target: {fileID: 7489963649338398020, guid: 8adaee0541034f546a0ba84d770f43c1,
        type: 3}
      propertyPath: m_RootOrder
      value: 22
      objectReference: {fileID: 0}
    - target: {fileID: 7489963649338398020, guid: 8adaee0541034f546a0ba84d770f43c1,
        type: 3}
      propertyPath: m_LocalEulerAnglesHint.x
      value: 0
      objectReference: {fileID: 0}
    - target: {fileID: 7489963649338398020, guid: 8adaee0541034f546a0ba84d770f43c1,
        type: 3}
      propertyPath: m_LocalEulerAnglesHint.y
      value: 0
      objectReference: {fileID: 0}
    - target: {fileID: 7489963649338398020, guid: 8adaee0541034f546a0ba84d770f43c1,
        type: 3}
      propertyPath: m_LocalEulerAnglesHint.z
      value: 0
      objectReference: {fileID: 0}
    - target: {fileID: 7489963649338398021, guid: 8adaee0541034f546a0ba84d770f43c1,
        type: 3}
      propertyPath: m_Name
      value: Grid Block (22)
      objectReference: {fileID: 0}
    m_RemovedComponents: []
  m_SourcePrefab: {fileID: 100100000, guid: 8adaee0541034f546a0ba84d770f43c1, type: 3}
--- !u!4 &8140624883726309761 stripped
Transform:
  m_CorrespondingSourceObject: {fileID: 7489963649338398020, guid: 8adaee0541034f546a0ba84d770f43c1,
    type: 3}
  m_PrefabInstance: {fileID: 1659855128876879045}
  m_PrefabAsset: {fileID: 0}
--- !u!1001 &3001956933309305351
PrefabInstance:
  m_ObjectHideFlags: 0
  serializedVersion: 2
  m_Modification:
    m_TransformParent: {fileID: 7308137263861390015}
    m_Modifications:
    - target: {fileID: 7489963649338398020, guid: 8adaee0541034f546a0ba84d770f43c1,
        type: 3}
      propertyPath: m_LocalPosition.x
      value: -0.5
      objectReference: {fileID: 0}
    - target: {fileID: 7489963649338398020, guid: 8adaee0541034f546a0ba84d770f43c1,
        type: 3}
      propertyPath: m_LocalPosition.y
      value: -4.5
      objectReference: {fileID: 0}
    - target: {fileID: 7489963649338398020, guid: 8adaee0541034f546a0ba84d770f43c1,
        type: 3}
      propertyPath: m_LocalPosition.z
      value: 0
      objectReference: {fileID: 0}
    - target: {fileID: 7489963649338398020, guid: 8adaee0541034f546a0ba84d770f43c1,
        type: 3}
      propertyPath: m_LocalRotation.x
      value: 0
      objectReference: {fileID: 0}
    - target: {fileID: 7489963649338398020, guid: 8adaee0541034f546a0ba84d770f43c1,
        type: 3}
      propertyPath: m_LocalRotation.y
      value: 0
      objectReference: {fileID: 0}
    - target: {fileID: 7489963649338398020, guid: 8adaee0541034f546a0ba84d770f43c1,
        type: 3}
      propertyPath: m_LocalRotation.z
      value: 0
      objectReference: {fileID: 0}
    - target: {fileID: 7489963649338398020, guid: 8adaee0541034f546a0ba84d770f43c1,
        type: 3}
      propertyPath: m_LocalRotation.w
      value: 1
      objectReference: {fileID: 0}
    - target: {fileID: 7489963649338398020, guid: 8adaee0541034f546a0ba84d770f43c1,
        type: 3}
      propertyPath: m_RootOrder
      value: 1
      objectReference: {fileID: 0}
    - target: {fileID: 7489963649338398020, guid: 8adaee0541034f546a0ba84d770f43c1,
        type: 3}
      propertyPath: m_LocalEulerAnglesHint.x
      value: 0
      objectReference: {fileID: 0}
    - target: {fileID: 7489963649338398020, guid: 8adaee0541034f546a0ba84d770f43c1,
        type: 3}
      propertyPath: m_LocalEulerAnglesHint.y
      value: 0
      objectReference: {fileID: 0}
    - target: {fileID: 7489963649338398020, guid: 8adaee0541034f546a0ba84d770f43c1,
        type: 3}
      propertyPath: m_LocalEulerAnglesHint.z
      value: 0
      objectReference: {fileID: 0}
    - target: {fileID: 7489963649338398021, guid: 8adaee0541034f546a0ba84d770f43c1,
        type: 3}
      propertyPath: m_Name
      value: Grid Block (1)
      objectReference: {fileID: 0}
    m_RemovedComponents: []
  m_SourcePrefab: {fileID: 100100000, guid: 8adaee0541034f546a0ba84d770f43c1, type: 3}
--- !u!4 &5645444292866164547 stripped
Transform:
  m_CorrespondingSourceObject: {fileID: 7489963649338398020, guid: 8adaee0541034f546a0ba84d770f43c1,
    type: 3}
  m_PrefabInstance: {fileID: 3001956933309305351}
  m_PrefabAsset: {fileID: 0}
--- !u!1001 &3098624495327713514
PrefabInstance:
  m_ObjectHideFlags: 0
  serializedVersion: 2
  m_Modification:
    m_TransformParent: {fileID: 7308137263861390015}
    m_Modifications:
    - target: {fileID: 7489963649338398020, guid: 8adaee0541034f546a0ba84d770f43c1,
        type: 3}
      propertyPath: m_LocalPosition.x
      value: 3.5
      objectReference: {fileID: 0}
    - target: {fileID: 7489963649338398020, guid: 8adaee0541034f546a0ba84d770f43c1,
        type: 3}
      propertyPath: m_LocalPosition.y
      value: 3.5
      objectReference: {fileID: 0}
    - target: {fileID: 7489963649338398020, guid: 8adaee0541034f546a0ba84d770f43c1,
        type: 3}
      propertyPath: m_LocalPosition.z
      value: 0
      objectReference: {fileID: 0}
    - target: {fileID: 7489963649338398020, guid: 8adaee0541034f546a0ba84d770f43c1,
        type: 3}
      propertyPath: m_LocalRotation.x
      value: 0
      objectReference: {fileID: 0}
    - target: {fileID: 7489963649338398020, guid: 8adaee0541034f546a0ba84d770f43c1,
        type: 3}
      propertyPath: m_LocalRotation.y
      value: 0
      objectReference: {fileID: 0}
    - target: {fileID: 7489963649338398020, guid: 8adaee0541034f546a0ba84d770f43c1,
        type: 3}
      propertyPath: m_LocalRotation.z
      value: 0
      objectReference: {fileID: 0}
    - target: {fileID: 7489963649338398020, guid: 8adaee0541034f546a0ba84d770f43c1,
        type: 3}
      propertyPath: m_LocalRotation.w
      value: 1
      objectReference: {fileID: 0}
    - target: {fileID: 7489963649338398020, guid: 8adaee0541034f546a0ba84d770f43c1,
        type: 3}
      propertyPath: m_RootOrder
      value: 24
      objectReference: {fileID: 0}
    - target: {fileID: 7489963649338398020, guid: 8adaee0541034f546a0ba84d770f43c1,
        type: 3}
      propertyPath: m_LocalEulerAnglesHint.x
      value: 0
      objectReference: {fileID: 0}
    - target: {fileID: 7489963649338398020, guid: 8adaee0541034f546a0ba84d770f43c1,
        type: 3}
      propertyPath: m_LocalEulerAnglesHint.y
      value: 0
      objectReference: {fileID: 0}
    - target: {fileID: 7489963649338398020, guid: 8adaee0541034f546a0ba84d770f43c1,
        type: 3}
      propertyPath: m_LocalEulerAnglesHint.z
      value: 0
      objectReference: {fileID: 0}
    - target: {fileID: 7489963649338398021, guid: 8adaee0541034f546a0ba84d770f43c1,
        type: 3}
      propertyPath: m_Name
      value: Grid Block (24)
      objectReference: {fileID: 0}
    m_RemovedComponents: []
  m_SourcePrefab: {fileID: 100100000, guid: 8adaee0541034f546a0ba84d770f43c1, type: 3}
--- !u!4 &5544270679315205550 stripped
Transform:
  m_CorrespondingSourceObject: {fileID: 7489963649338398020, guid: 8adaee0541034f546a0ba84d770f43c1,
    type: 3}
  m_PrefabInstance: {fileID: 3098624495327713514}
  m_PrefabAsset: {fileID: 0}
--- !u!1001 &3983608988243733445
PrefabInstance:
  m_ObjectHideFlags: 0
  serializedVersion: 2
  m_Modification:
    m_TransformParent: {fileID: 7308137263861390015}
    m_Modifications:
    - target: {fileID: 7489963649338398020, guid: 8adaee0541034f546a0ba84d770f43c1,
        type: 3}
      propertyPath: m_LocalPosition.x
      value: -3.5
      objectReference: {fileID: 0}
    - target: {fileID: 7489963649338398020, guid: 8adaee0541034f546a0ba84d770f43c1,
        type: 3}
      propertyPath: m_LocalPosition.y
      value: -2.5
      objectReference: {fileID: 0}
    - target: {fileID: 7489963649338398020, guid: 8adaee0541034f546a0ba84d770f43c1,
        type: 3}
      propertyPath: m_LocalPosition.z
      value: 0
      objectReference: {fileID: 0}
    - target: {fileID: 7489963649338398020, guid: 8adaee0541034f546a0ba84d770f43c1,
        type: 3}
      propertyPath: m_LocalRotation.x
      value: 0
      objectReference: {fileID: 0}
    - target: {fileID: 7489963649338398020, guid: 8adaee0541034f546a0ba84d770f43c1,
        type: 3}
      propertyPath: m_LocalRotation.y
      value: 0
      objectReference: {fileID: 0}
    - target: {fileID: 7489963649338398020, guid: 8adaee0541034f546a0ba84d770f43c1,
        type: 3}
      propertyPath: m_LocalRotation.z
      value: 0
      objectReference: {fileID: 0}
    - target: {fileID: 7489963649338398020, guid: 8adaee0541034f546a0ba84d770f43c1,
        type: 3}
      propertyPath: m_LocalRotation.w
      value: 1
      objectReference: {fileID: 0}
    - target: {fileID: 7489963649338398020, guid: 8adaee0541034f546a0ba84d770f43c1,
        type: 3}
      propertyPath: m_RootOrder
      value: 9
      objectReference: {fileID: 0}
    - target: {fileID: 7489963649338398020, guid: 8adaee0541034f546a0ba84d770f43c1,
        type: 3}
      propertyPath: m_LocalEulerAnglesHint.x
      value: 0
      objectReference: {fileID: 0}
    - target: {fileID: 7489963649338398020, guid: 8adaee0541034f546a0ba84d770f43c1,
        type: 3}
      propertyPath: m_LocalEulerAnglesHint.y
      value: 0
      objectReference: {fileID: 0}
    - target: {fileID: 7489963649338398020, guid: 8adaee0541034f546a0ba84d770f43c1,
        type: 3}
      propertyPath: m_LocalEulerAnglesHint.z
      value: 0
      objectReference: {fileID: 0}
    - target: {fileID: 7489963649338398021, guid: 8adaee0541034f546a0ba84d770f43c1,
        type: 3}
      propertyPath: m_Name
      value: Grid Block (9)
      objectReference: {fileID: 0}
    m_RemovedComponents: []
  m_SourcePrefab: {fileID: 100100000, guid: 8adaee0541034f546a0ba84d770f43c1, type: 3}
--- !u!4 &5816729896029093505 stripped
Transform:
  m_CorrespondingSourceObject: {fileID: 7489963649338398020, guid: 8adaee0541034f546a0ba84d770f43c1,
    type: 3}
  m_PrefabInstance: {fileID: 3983608988243733445}
  m_PrefabAsset: {fileID: 0}
--- !u!1001 &4261948641964559586
PrefabInstance:
  m_ObjectHideFlags: 0
  serializedVersion: 2
  m_Modification:
    m_TransformParent: {fileID: 7308137263861390015}
    m_Modifications:
    - target: {fileID: 7489963649338398020, guid: 8adaee0541034f546a0ba84d770f43c1,
        type: 3}
      propertyPath: m_LocalPosition.x
      value: 2.5
      objectReference: {fileID: 0}
    - target: {fileID: 7489963649338398020, guid: 8adaee0541034f546a0ba84d770f43c1,
        type: 3}
      propertyPath: m_LocalPosition.y
      value: -4.5
      objectReference: {fileID: 0}
    - target: {fileID: 7489963649338398020, guid: 8adaee0541034f546a0ba84d770f43c1,
        type: 3}
      propertyPath: m_LocalPosition.z
      value: 0
      objectReference: {fileID: 0}
    - target: {fileID: 7489963649338398020, guid: 8adaee0541034f546a0ba84d770f43c1,
        type: 3}
      propertyPath: m_LocalRotation.x
      value: 0
      objectReference: {fileID: 0}
    - target: {fileID: 7489963649338398020, guid: 8adaee0541034f546a0ba84d770f43c1,
        type: 3}
      propertyPath: m_LocalRotation.y
      value: 0
      objectReference: {fileID: 0}
    - target: {fileID: 7489963649338398020, guid: 8adaee0541034f546a0ba84d770f43c1,
        type: 3}
      propertyPath: m_LocalRotation.z
      value: 0
      objectReference: {fileID: 0}
    - target: {fileID: 7489963649338398020, guid: 8adaee0541034f546a0ba84d770f43c1,
        type: 3}
      propertyPath: m_LocalRotation.w
      value: 1
      objectReference: {fileID: 0}
    - target: {fileID: 7489963649338398020, guid: 8adaee0541034f546a0ba84d770f43c1,
        type: 3}
      propertyPath: m_RootOrder
      value: 4
      objectReference: {fileID: 0}
    - target: {fileID: 7489963649338398020, guid: 8adaee0541034f546a0ba84d770f43c1,
        type: 3}
      propertyPath: m_LocalEulerAnglesHint.x
      value: 0
      objectReference: {fileID: 0}
    - target: {fileID: 7489963649338398020, guid: 8adaee0541034f546a0ba84d770f43c1,
        type: 3}
      propertyPath: m_LocalEulerAnglesHint.y
      value: 0
      objectReference: {fileID: 0}
    - target: {fileID: 7489963649338398020, guid: 8adaee0541034f546a0ba84d770f43c1,
        type: 3}
      propertyPath: m_LocalEulerAnglesHint.z
      value: 0
      objectReference: {fileID: 0}
    - target: {fileID: 7489963649338398021, guid: 8adaee0541034f546a0ba84d770f43c1,
        type: 3}
      propertyPath: m_Name
      value: Grid Block (4)
      objectReference: {fileID: 0}
    m_RemovedComponents: []
  m_SourcePrefab: {fileID: 100100000, guid: 8adaee0541034f546a0ba84d770f43c1, type: 3}
--- !u!4 &6689193400323201446 stripped
Transform:
  m_CorrespondingSourceObject: {fileID: 7489963649338398020, guid: 8adaee0541034f546a0ba84d770f43c1,
    type: 3}
  m_PrefabInstance: {fileID: 4261948641964559586}
  m_PrefabAsset: {fileID: 0}
--- !u!1001 &4416216917891780379
PrefabInstance:
  m_ObjectHideFlags: 0
  serializedVersion: 2
  m_Modification:
    m_TransformParent: {fileID: 7308137263861390015}
    m_Modifications:
    - target: {fileID: 7489963649338398020, guid: 8adaee0541034f546a0ba84d770f43c1,
        type: 3}
      propertyPath: m_LocalPosition.x
      value: 3.5
      objectReference: {fileID: 0}
    - target: {fileID: 7489963649338398020, guid: 8adaee0541034f546a0ba84d770f43c1,
        type: 3}
      propertyPath: m_LocalPosition.y
      value: -3.5
      objectReference: {fileID: 0}
    - target: {fileID: 7489963649338398020, guid: 8adaee0541034f546a0ba84d770f43c1,
        type: 3}
      propertyPath: m_LocalPosition.z
      value: 0
      objectReference: {fileID: 0}
    - target: {fileID: 7489963649338398020, guid: 8adaee0541034f546a0ba84d770f43c1,
        type: 3}
      propertyPath: m_LocalRotation.x
      value: 0
      objectReference: {fileID: 0}
    - target: {fileID: 7489963649338398020, guid: 8adaee0541034f546a0ba84d770f43c1,
        type: 3}
      propertyPath: m_LocalRotation.y
      value: 0
      objectReference: {fileID: 0}
    - target: {fileID: 7489963649338398020, guid: 8adaee0541034f546a0ba84d770f43c1,
        type: 3}
      propertyPath: m_LocalRotation.z
      value: 0
      objectReference: {fileID: 0}
    - target: {fileID: 7489963649338398020, guid: 8adaee0541034f546a0ba84d770f43c1,
        type: 3}
      propertyPath: m_LocalRotation.w
      value: 1
      objectReference: {fileID: 0}
    - target: {fileID: 7489963649338398020, guid: 8adaee0541034f546a0ba84d770f43c1,
        type: 3}
      propertyPath: m_RootOrder
      value: 17
      objectReference: {fileID: 0}
    - target: {fileID: 7489963649338398020, guid: 8adaee0541034f546a0ba84d770f43c1,
        type: 3}
      propertyPath: m_LocalEulerAnglesHint.x
      value: 0
      objectReference: {fileID: 0}
    - target: {fileID: 7489963649338398020, guid: 8adaee0541034f546a0ba84d770f43c1,
        type: 3}
      propertyPath: m_LocalEulerAnglesHint.y
      value: 0
      objectReference: {fileID: 0}
    - target: {fileID: 7489963649338398020, guid: 8adaee0541034f546a0ba84d770f43c1,
        type: 3}
      propertyPath: m_LocalEulerAnglesHint.z
      value: 0
      objectReference: {fileID: 0}
    - target: {fileID: 7489963649338398021, guid: 8adaee0541034f546a0ba84d770f43c1,
        type: 3}
      propertyPath: m_Name
      value: Grid Block (17)
      objectReference: {fileID: 0}
    m_RemovedComponents: []
  m_SourcePrefab: {fileID: 100100000, guid: 8adaee0541034f546a0ba84d770f43c1, type: 3}
--- !u!4 &6537044828061293151 stripped
Transform:
  m_CorrespondingSourceObject: {fileID: 7489963649338398020, guid: 8adaee0541034f546a0ba84d770f43c1,
    type: 3}
  m_PrefabInstance: {fileID: 4416216917891780379}
  m_PrefabAsset: {fileID: 0}
--- !u!1001 &4485287377227889497
PrefabInstance:
  m_ObjectHideFlags: 0
  serializedVersion: 2
  m_Modification:
    m_TransformParent: {fileID: 7308137263861390015}
    m_Modifications:
    - target: {fileID: 7489963649338398020, guid: 8adaee0541034f546a0ba84d770f43c1,
        type: 3}
      propertyPath: m_LocalPosition.x
      value: -3.5
      objectReference: {fileID: 0}
    - target: {fileID: 7489963649338398020, guid: 8adaee0541034f546a0ba84d770f43c1,
        type: 3}
      propertyPath: m_LocalPosition.y
      value: 4.5
      objectReference: {fileID: 0}
    - target: {fileID: 7489963649338398020, guid: 8adaee0541034f546a0ba84d770f43c1,
        type: 3}
      propertyPath: m_LocalPosition.z
      value: 0
      objectReference: {fileID: 0}
    - target: {fileID: 7489963649338398020, guid: 8adaee0541034f546a0ba84d770f43c1,
        type: 3}
      propertyPath: m_LocalRotation.x
      value: 0
      objectReference: {fileID: 0}
    - target: {fileID: 7489963649338398020, guid: 8adaee0541034f546a0ba84d770f43c1,
        type: 3}
      propertyPath: m_LocalRotation.y
      value: 0
      objectReference: {fileID: 0}
    - target: {fileID: 7489963649338398020, guid: 8adaee0541034f546a0ba84d770f43c1,
        type: 3}
      propertyPath: m_LocalRotation.z
      value: 0
      objectReference: {fileID: 0}
    - target: {fileID: 7489963649338398020, guid: 8adaee0541034f546a0ba84d770f43c1,
        type: 3}
      propertyPath: m_LocalRotation.w
      value: 1
      objectReference: {fileID: 0}
    - target: {fileID: 7489963649338398020, guid: 8adaee0541034f546a0ba84d770f43c1,
        type: 3}
      propertyPath: m_RootOrder
      value: 16
      objectReference: {fileID: 0}
    - target: {fileID: 7489963649338398020, guid: 8adaee0541034f546a0ba84d770f43c1,
        type: 3}
      propertyPath: m_LocalEulerAnglesHint.x
      value: 0
      objectReference: {fileID: 0}
    - target: {fileID: 7489963649338398020, guid: 8adaee0541034f546a0ba84d770f43c1,
        type: 3}
      propertyPath: m_LocalEulerAnglesHint.y
      value: 0
      objectReference: {fileID: 0}
    - target: {fileID: 7489963649338398020, guid: 8adaee0541034f546a0ba84d770f43c1,
        type: 3}
      propertyPath: m_LocalEulerAnglesHint.z
      value: 0
      objectReference: {fileID: 0}
    - target: {fileID: 7489963649338398021, guid: 8adaee0541034f546a0ba84d770f43c1,
        type: 3}
      propertyPath: m_Name
      value: Grid Block (16)
      objectReference: {fileID: 0}
    m_RemovedComponents: []
  m_SourcePrefab: {fileID: 100100000, guid: 8adaee0541034f546a0ba84d770f43c1, type: 3}
--- !u!4 &6471465245130976797 stripped
Transform:
  m_CorrespondingSourceObject: {fileID: 7489963649338398020, guid: 8adaee0541034f546a0ba84d770f43c1,
    type: 3}
  m_PrefabInstance: {fileID: 4485287377227889497}
  m_PrefabAsset: {fileID: 0}
--- !u!1001 &4550782962443576696
PrefabInstance:
  m_ObjectHideFlags: 0
  serializedVersion: 2
  m_Modification:
    m_TransformParent: {fileID: 7308137263861390015}
    m_Modifications:
    - target: {fileID: 7489963649338398020, guid: 8adaee0541034f546a0ba84d770f43c1,
        type: 3}
      propertyPath: m_LocalPosition.x
      value: 3.5
      objectReference: {fileID: 0}
    - target: {fileID: 7489963649338398020, guid: 8adaee0541034f546a0ba84d770f43c1,
        type: 3}
      propertyPath: m_LocalPosition.y
      value: 0.5
      objectReference: {fileID: 0}
    - target: {fileID: 7489963649338398020, guid: 8adaee0541034f546a0ba84d770f43c1,
        type: 3}
      propertyPath: m_LocalPosition.z
      value: 0
      objectReference: {fileID: 0}
    - target: {fileID: 7489963649338398020, guid: 8adaee0541034f546a0ba84d770f43c1,
        type: 3}
      propertyPath: m_LocalRotation.x
      value: 0
      objectReference: {fileID: 0}
    - target: {fileID: 7489963649338398020, guid: 8adaee0541034f546a0ba84d770f43c1,
        type: 3}
      propertyPath: m_LocalRotation.y
      value: 0
      objectReference: {fileID: 0}
    - target: {fileID: 7489963649338398020, guid: 8adaee0541034f546a0ba84d770f43c1,
        type: 3}
      propertyPath: m_LocalRotation.z
      value: 0
      objectReference: {fileID: 0}
    - target: {fileID: 7489963649338398020, guid: 8adaee0541034f546a0ba84d770f43c1,
        type: 3}
      propertyPath: m_LocalRotation.w
      value: 1
      objectReference: {fileID: 0}
    - target: {fileID: 7489963649338398020, guid: 8adaee0541034f546a0ba84d770f43c1,
        type: 3}
      propertyPath: m_RootOrder
      value: 21
      objectReference: {fileID: 0}
    - target: {fileID: 7489963649338398020, guid: 8adaee0541034f546a0ba84d770f43c1,
        type: 3}
      propertyPath: m_LocalEulerAnglesHint.x
      value: 0
      objectReference: {fileID: 0}
    - target: {fileID: 7489963649338398020, guid: 8adaee0541034f546a0ba84d770f43c1,
        type: 3}
      propertyPath: m_LocalEulerAnglesHint.y
      value: 0
      objectReference: {fileID: 0}
    - target: {fileID: 7489963649338398020, guid: 8adaee0541034f546a0ba84d770f43c1,
        type: 3}
      propertyPath: m_LocalEulerAnglesHint.z
      value: 0
      objectReference: {fileID: 0}
    - target: {fileID: 7489963649338398021, guid: 8adaee0541034f546a0ba84d770f43c1,
        type: 3}
      propertyPath: m_Name
      value: Grid Block (21)
      objectReference: {fileID: 0}
    m_RemovedComponents: []
  m_SourcePrefab: {fileID: 100100000, guid: 8adaee0541034f546a0ba84d770f43c1, type: 3}
--- !u!4 &6401324532660842556 stripped
Transform:
  m_CorrespondingSourceObject: {fileID: 7489963649338398020, guid: 8adaee0541034f546a0ba84d770f43c1,
    type: 3}
  m_PrefabInstance: {fileID: 4550782962443576696}
  m_PrefabAsset: {fileID: 0}
--- !u!1001 &4951626369909438468
PrefabInstance:
  m_ObjectHideFlags: 0
  serializedVersion: 2
  m_Modification:
    m_TransformParent: {fileID: 7308137263861390015}
    m_Modifications:
    - target: {fileID: 7489963649338398020, guid: 8adaee0541034f546a0ba84d770f43c1,
        type: 3}
      propertyPath: m_LocalPosition.x
      value: 3.5
      objectReference: {fileID: 0}
    - target: {fileID: 7489963649338398020, guid: 8adaee0541034f546a0ba84d770f43c1,
        type: 3}
      propertyPath: m_LocalPosition.y
      value: 2.5
      objectReference: {fileID: 0}
    - target: {fileID: 7489963649338398020, guid: 8adaee0541034f546a0ba84d770f43c1,
        type: 3}
      propertyPath: m_LocalPosition.z
      value: 0
      objectReference: {fileID: 0}
    - target: {fileID: 7489963649338398020, guid: 8adaee0541034f546a0ba84d770f43c1,
        type: 3}
      propertyPath: m_LocalRotation.x
      value: 0
      objectReference: {fileID: 0}
    - target: {fileID: 7489963649338398020, guid: 8adaee0541034f546a0ba84d770f43c1,
        type: 3}
      propertyPath: m_LocalRotation.y
      value: 0
      objectReference: {fileID: 0}
    - target: {fileID: 7489963649338398020, guid: 8adaee0541034f546a0ba84d770f43c1,
        type: 3}
      propertyPath: m_LocalRotation.z
      value: 0
      objectReference: {fileID: 0}
    - target: {fileID: 7489963649338398020, guid: 8adaee0541034f546a0ba84d770f43c1,
        type: 3}
      propertyPath: m_LocalRotation.w
      value: 1
      objectReference: {fileID: 0}
    - target: {fileID: 7489963649338398020, guid: 8adaee0541034f546a0ba84d770f43c1,
        type: 3}
      propertyPath: m_RootOrder
      value: 23
      objectReference: {fileID: 0}
    - target: {fileID: 7489963649338398020, guid: 8adaee0541034f546a0ba84d770f43c1,
        type: 3}
      propertyPath: m_LocalEulerAnglesHint.x
      value: 0
      objectReference: {fileID: 0}
    - target: {fileID: 7489963649338398020, guid: 8adaee0541034f546a0ba84d770f43c1,
        type: 3}
      propertyPath: m_LocalEulerAnglesHint.y
      value: 0
      objectReference: {fileID: 0}
    - target: {fileID: 7489963649338398020, guid: 8adaee0541034f546a0ba84d770f43c1,
        type: 3}
      propertyPath: m_LocalEulerAnglesHint.z
      value: 0
      objectReference: {fileID: 0}
    - target: {fileID: 7489963649338398021, guid: 8adaee0541034f546a0ba84d770f43c1,
        type: 3}
      propertyPath: m_Name
      value: Grid Block (23)
      objectReference: {fileID: 0}
    m_RemovedComponents: []
  m_SourcePrefab: {fileID: 100100000, guid: 8adaee0541034f546a0ba84d770f43c1, type: 3}
--- !u!4 &2541727508258090304 stripped
Transform:
  m_CorrespondingSourceObject: {fileID: 7489963649338398020, guid: 8adaee0541034f546a0ba84d770f43c1,
    type: 3}
  m_PrefabInstance: {fileID: 4951626369909438468}
  m_PrefabAsset: {fileID: 0}
--- !u!1001 &5994590656805209459
PrefabInstance:
  m_ObjectHideFlags: 0
  serializedVersion: 2
  m_Modification:
    m_TransformParent: {fileID: 7308137263861390015}
    m_Modifications:
    - target: {fileID: 7489963649338398020, guid: 8adaee0541034f546a0ba84d770f43c1,
        type: 3}
      propertyPath: m_LocalPosition.x
      value: -3.5
      objectReference: {fileID: 0}
    - target: {fileID: 7489963649338398020, guid: 8adaee0541034f546a0ba84d770f43c1,
        type: 3}
      propertyPath: m_LocalPosition.y
      value: 2.5
      objectReference: {fileID: 0}
    - target: {fileID: 7489963649338398020, guid: 8adaee0541034f546a0ba84d770f43c1,
        type: 3}
      propertyPath: m_LocalPosition.z
      value: 0
      objectReference: {fileID: 0}
    - target: {fileID: 7489963649338398020, guid: 8adaee0541034f546a0ba84d770f43c1,
        type: 3}
      propertyPath: m_LocalRotation.x
      value: 0
      objectReference: {fileID: 0}
    - target: {fileID: 7489963649338398020, guid: 8adaee0541034f546a0ba84d770f43c1,
        type: 3}
      propertyPath: m_LocalRotation.y
      value: 0
      objectReference: {fileID: 0}
    - target: {fileID: 7489963649338398020, guid: 8adaee0541034f546a0ba84d770f43c1,
        type: 3}
      propertyPath: m_LocalRotation.z
      value: 0
      objectReference: {fileID: 0}
    - target: {fileID: 7489963649338398020, guid: 8adaee0541034f546a0ba84d770f43c1,
        type: 3}
      propertyPath: m_LocalRotation.w
      value: 1
      objectReference: {fileID: 0}
    - target: {fileID: 7489963649338398020, guid: 8adaee0541034f546a0ba84d770f43c1,
        type: 3}
      propertyPath: m_RootOrder
      value: 14
      objectReference: {fileID: 0}
    - target: {fileID: 7489963649338398020, guid: 8adaee0541034f546a0ba84d770f43c1,
        type: 3}
      propertyPath: m_LocalEulerAnglesHint.x
      value: 0
      objectReference: {fileID: 0}
    - target: {fileID: 7489963649338398020, guid: 8adaee0541034f546a0ba84d770f43c1,
        type: 3}
      propertyPath: m_LocalEulerAnglesHint.y
      value: 0
      objectReference: {fileID: 0}
    - target: {fileID: 7489963649338398020, guid: 8adaee0541034f546a0ba84d770f43c1,
        type: 3}
      propertyPath: m_LocalEulerAnglesHint.z
      value: 0
      objectReference: {fileID: 0}
    - target: {fileID: 7489963649338398021, guid: 8adaee0541034f546a0ba84d770f43c1,
        type: 3}
      propertyPath: m_Name
      value: Grid Block (14)
      objectReference: {fileID: 0}
    m_RemovedComponents: []
  m_SourcePrefab: {fileID: 100100000, guid: 8adaee0541034f546a0ba84d770f43c1, type: 3}
--- !u!4 &3801216414617391159 stripped
Transform:
  m_CorrespondingSourceObject: {fileID: 7489963649338398020, guid: 8adaee0541034f546a0ba84d770f43c1,
    type: 3}
  m_PrefabInstance: {fileID: 5994590656805209459}
  m_PrefabAsset: {fileID: 0}
--- !u!1001 &6276483801791645363
PrefabInstance:
  m_ObjectHideFlags: 0
  serializedVersion: 2
  m_Modification:
    m_TransformParent: {fileID: 7308137263861390015}
    m_Modifications:
    - target: {fileID: 7489963649338398020, guid: 8adaee0541034f546a0ba84d770f43c1,
        type: 3}
      propertyPath: m_LocalPosition.x
      value: -3.5
      objectReference: {fileID: 0}
    - target: {fileID: 7489963649338398020, guid: 8adaee0541034f546a0ba84d770f43c1,
        type: 3}
      propertyPath: m_LocalPosition.y
      value: 1.5
      objectReference: {fileID: 0}
    - target: {fileID: 7489963649338398020, guid: 8adaee0541034f546a0ba84d770f43c1,
        type: 3}
      propertyPath: m_LocalPosition.z
      value: 0
      objectReference: {fileID: 0}
    - target: {fileID: 7489963649338398020, guid: 8adaee0541034f546a0ba84d770f43c1,
        type: 3}
      propertyPath: m_LocalRotation.x
      value: 0
      objectReference: {fileID: 0}
    - target: {fileID: 7489963649338398020, guid: 8adaee0541034f546a0ba84d770f43c1,
        type: 3}
      propertyPath: m_LocalRotation.y
      value: 0
      objectReference: {fileID: 0}
    - target: {fileID: 7489963649338398020, guid: 8adaee0541034f546a0ba84d770f43c1,
        type: 3}
      propertyPath: m_LocalRotation.z
      value: 0
      objectReference: {fileID: 0}
    - target: {fileID: 7489963649338398020, guid: 8adaee0541034f546a0ba84d770f43c1,
        type: 3}
      propertyPath: m_LocalRotation.w
      value: 1
      objectReference: {fileID: 0}
    - target: {fileID: 7489963649338398020, guid: 8adaee0541034f546a0ba84d770f43c1,
        type: 3}
      propertyPath: m_RootOrder
      value: 13
      objectReference: {fileID: 0}
    - target: {fileID: 7489963649338398020, guid: 8adaee0541034f546a0ba84d770f43c1,
        type: 3}
      propertyPath: m_LocalEulerAnglesHint.x
      value: 0
      objectReference: {fileID: 0}
    - target: {fileID: 7489963649338398020, guid: 8adaee0541034f546a0ba84d770f43c1,
        type: 3}
      propertyPath: m_LocalEulerAnglesHint.y
      value: 0
      objectReference: {fileID: 0}
    - target: {fileID: 7489963649338398020, guid: 8adaee0541034f546a0ba84d770f43c1,
        type: 3}
      propertyPath: m_LocalEulerAnglesHint.z
      value: 0
      objectReference: {fileID: 0}
    - target: {fileID: 7489963649338398021, guid: 8adaee0541034f546a0ba84d770f43c1,
        type: 3}
      propertyPath: m_Name
      value: Grid Block (13)
      objectReference: {fileID: 0}
    m_RemovedComponents: []
  m_SourcePrefab: {fileID: 100100000, guid: 8adaee0541034f546a0ba84d770f43c1, type: 3}
--- !u!4 &3524979861937427447 stripped
Transform:
  m_CorrespondingSourceObject: {fileID: 7489963649338398020, guid: 8adaee0541034f546a0ba84d770f43c1,
    type: 3}
  m_PrefabInstance: {fileID: 6276483801791645363}
  m_PrefabAsset: {fileID: 0}
--- !u!1001 &6763870666079141685
PrefabInstance:
  m_ObjectHideFlags: 0
  serializedVersion: 2
  m_Modification:
    m_TransformParent: {fileID: 7308137263861390015}
    m_Modifications:
    - target: {fileID: 7489963649338398020, guid: 8adaee0541034f546a0ba84d770f43c1,
        type: 3}
      propertyPath: m_LocalPosition.x
      value: 3.5
      objectReference: {fileID: 0}
    - target: {fileID: 7489963649338398020, guid: 8adaee0541034f546a0ba84d770f43c1,
        type: 3}
      propertyPath: m_LocalPosition.y
      value: 4.5
      objectReference: {fileID: 0}
    - target: {fileID: 7489963649338398020, guid: 8adaee0541034f546a0ba84d770f43c1,
        type: 3}
      propertyPath: m_LocalPosition.z
      value: 0
      objectReference: {fileID: 0}
    - target: {fileID: 7489963649338398020, guid: 8adaee0541034f546a0ba84d770f43c1,
        type: 3}
      propertyPath: m_LocalRotation.x
      value: 0
      objectReference: {fileID: 0}
    - target: {fileID: 7489963649338398020, guid: 8adaee0541034f546a0ba84d770f43c1,
        type: 3}
      propertyPath: m_LocalRotation.y
      value: 0
      objectReference: {fileID: 0}
    - target: {fileID: 7489963649338398020, guid: 8adaee0541034f546a0ba84d770f43c1,
        type: 3}
      propertyPath: m_LocalRotation.z
      value: 0
      objectReference: {fileID: 0}
    - target: {fileID: 7489963649338398020, guid: 8adaee0541034f546a0ba84d770f43c1,
        type: 3}
      propertyPath: m_LocalRotation.w
      value: 1
      objectReference: {fileID: 0}
    - target: {fileID: 7489963649338398020, guid: 8adaee0541034f546a0ba84d770f43c1,
        type: 3}
      propertyPath: m_RootOrder
      value: 25
      objectReference: {fileID: 0}
    - target: {fileID: 7489963649338398020, guid: 8adaee0541034f546a0ba84d770f43c1,
        type: 3}
      propertyPath: m_LocalEulerAnglesHint.x
      value: 0
      objectReference: {fileID: 0}
    - target: {fileID: 7489963649338398020, guid: 8adaee0541034f546a0ba84d770f43c1,
        type: 3}
      propertyPath: m_LocalEulerAnglesHint.y
      value: 0
      objectReference: {fileID: 0}
    - target: {fileID: 7489963649338398020, guid: 8adaee0541034f546a0ba84d770f43c1,
        type: 3}
      propertyPath: m_LocalEulerAnglesHint.z
      value: 0
      objectReference: {fileID: 0}
    - target: {fileID: 7489963649338398021, guid: 8adaee0541034f546a0ba84d770f43c1,
        type: 3}
      propertyPath: m_Name
      value: Grid Block (25)
      objectReference: {fileID: 0}
    m_RemovedComponents: []
  m_SourcePrefab: {fileID: 100100000, guid: 8adaee0541034f546a0ba84d770f43c1, type: 3}
--- !u!4 &4192757561276213873 stripped
Transform:
  m_CorrespondingSourceObject: {fileID: 7489963649338398020, guid: 8adaee0541034f546a0ba84d770f43c1,
    type: 3}
  m_PrefabInstance: {fileID: 6763870666079141685}
  m_PrefabAsset: {fileID: 0}
--- !u!1001 &6923738773395227440
PrefabInstance:
  m_ObjectHideFlags: 0
  serializedVersion: 2
  m_Modification:
    m_TransformParent: {fileID: 7308137263861390015}
    m_Modifications:
    - target: {fileID: 7489963649338398020, guid: 8adaee0541034f546a0ba84d770f43c1,
        type: 3}
      propertyPath: m_LocalPosition.x
      value: -3.5
      objectReference: {fileID: 0}
    - target: {fileID: 7489963649338398020, guid: 8adaee0541034f546a0ba84d770f43c1,
        type: 3}
      propertyPath: m_LocalPosition.y
      value: -3.5
      objectReference: {fileID: 0}
    - target: {fileID: 7489963649338398020, guid: 8adaee0541034f546a0ba84d770f43c1,
        type: 3}
      propertyPath: m_LocalPosition.z
      value: 0
      objectReference: {fileID: 0}
    - target: {fileID: 7489963649338398020, guid: 8adaee0541034f546a0ba84d770f43c1,
        type: 3}
      propertyPath: m_LocalRotation.x
      value: 0
      objectReference: {fileID: 0}
    - target: {fileID: 7489963649338398020, guid: 8adaee0541034f546a0ba84d770f43c1,
        type: 3}
      propertyPath: m_LocalRotation.y
      value: 0
      objectReference: {fileID: 0}
    - target: {fileID: 7489963649338398020, guid: 8adaee0541034f546a0ba84d770f43c1,
        type: 3}
      propertyPath: m_LocalRotation.z
      value: 0
      objectReference: {fileID: 0}
    - target: {fileID: 7489963649338398020, guid: 8adaee0541034f546a0ba84d770f43c1,
        type: 3}
      propertyPath: m_LocalRotation.w
      value: 1
      objectReference: {fileID: 0}
    - target: {fileID: 7489963649338398020, guid: 8adaee0541034f546a0ba84d770f43c1,
        type: 3}
      propertyPath: m_RootOrder
      value: 8
      objectReference: {fileID: 0}
    - target: {fileID: 7489963649338398020, guid: 8adaee0541034f546a0ba84d770f43c1,
        type: 3}
      propertyPath: m_LocalEulerAnglesHint.x
      value: 0
      objectReference: {fileID: 0}
    - target: {fileID: 7489963649338398020, guid: 8adaee0541034f546a0ba84d770f43c1,
        type: 3}
      propertyPath: m_LocalEulerAnglesHint.y
      value: 0
      objectReference: {fileID: 0}
    - target: {fileID: 7489963649338398020, guid: 8adaee0541034f546a0ba84d770f43c1,
        type: 3}
      propertyPath: m_LocalEulerAnglesHint.z
      value: 0
      objectReference: {fileID: 0}
    - target: {fileID: 7489963649338398021, guid: 8adaee0541034f546a0ba84d770f43c1,
        type: 3}
      propertyPath: m_Name
      value: Grid Block (8)
      objectReference: {fileID: 0}
    m_RemovedComponents: []
  m_SourcePrefab: {fileID: 100100000, guid: 8adaee0541034f546a0ba84d770f43c1, type: 3}
--- !u!4 &569632761249601140 stripped
Transform:
  m_CorrespondingSourceObject: {fileID: 7489963649338398020, guid: 8adaee0541034f546a0ba84d770f43c1,
    type: 3}
  m_PrefabInstance: {fileID: 6923738773395227440}
  m_PrefabAsset: {fileID: 0}
--- !u!1001 &7905882388377544720
PrefabInstance:
  m_ObjectHideFlags: 0
  serializedVersion: 2
  m_Modification:
    m_TransformParent: {fileID: 7308137263861390015}
    m_Modifications:
    - target: {fileID: 7489963649338398020, guid: 8adaee0541034f546a0ba84d770f43c1,
        type: 3}
      propertyPath: m_LocalPosition.x
      value: -3.5
      objectReference: {fileID: 0}
    - target: {fileID: 7489963649338398020, guid: 8adaee0541034f546a0ba84d770f43c1,
        type: 3}
      propertyPath: m_LocalPosition.y
      value: -4.5
      objectReference: {fileID: 0}
    - target: {fileID: 7489963649338398020, guid: 8adaee0541034f546a0ba84d770f43c1,
        type: 3}
      propertyPath: m_LocalPosition.z
      value: 0
      objectReference: {fileID: 0}
    - target: {fileID: 7489963649338398020, guid: 8adaee0541034f546a0ba84d770f43c1,
        type: 3}
      propertyPath: m_LocalRotation.x
      value: 0
      objectReference: {fileID: 0}
    - target: {fileID: 7489963649338398020, guid: 8adaee0541034f546a0ba84d770f43c1,
        type: 3}
      propertyPath: m_LocalRotation.y
      value: 0
      objectReference: {fileID: 0}
    - target: {fileID: 7489963649338398020, guid: 8adaee0541034f546a0ba84d770f43c1,
        type: 3}
      propertyPath: m_LocalRotation.z
      value: 0
      objectReference: {fileID: 0}
    - target: {fileID: 7489963649338398020, guid: 8adaee0541034f546a0ba84d770f43c1,
        type: 3}
      propertyPath: m_LocalRotation.w
      value: 1
      objectReference: {fileID: 0}
    - target: {fileID: 7489963649338398020, guid: 8adaee0541034f546a0ba84d770f43c1,
        type: 3}
      propertyPath: m_RootOrder
      value: 7
      objectReference: {fileID: 0}
    - target: {fileID: 7489963649338398020, guid: 8adaee0541034f546a0ba84d770f43c1,
        type: 3}
      propertyPath: m_LocalEulerAnglesHint.x
      value: 0
      objectReference: {fileID: 0}
    - target: {fileID: 7489963649338398020, guid: 8adaee0541034f546a0ba84d770f43c1,
        type: 3}
      propertyPath: m_LocalEulerAnglesHint.y
      value: 0
      objectReference: {fileID: 0}
    - target: {fileID: 7489963649338398020, guid: 8adaee0541034f546a0ba84d770f43c1,
        type: 3}
      propertyPath: m_LocalEulerAnglesHint.z
      value: 0
      objectReference: {fileID: 0}
    - target: {fileID: 7489963649338398021, guid: 8adaee0541034f546a0ba84d770f43c1,
        type: 3}
      propertyPath: m_Name
      value: Grid Block (7)
      objectReference: {fileID: 0}
    m_RemovedComponents: []
  m_SourcePrefab: {fileID: 100100000, guid: 8adaee0541034f546a0ba84d770f43c1, type: 3}
--- !u!4 &740530308107337044 stripped
Transform:
  m_CorrespondingSourceObject: {fileID: 7489963649338398020, guid: 8adaee0541034f546a0ba84d770f43c1,
    type: 3}
  m_PrefabInstance: {fileID: 7905882388377544720}
  m_PrefabAsset: {fileID: 0}
--- !u!1001 &8279341983209999424
PrefabInstance:
  m_ObjectHideFlags: 0
  serializedVersion: 2
  m_Modification:
    m_TransformParent: {fileID: 7308137263861390015}
    m_Modifications:
    - target: {fileID: 7489963649338398020, guid: 8adaee0541034f546a0ba84d770f43c1,
        type: 3}
      propertyPath: m_LocalPosition.x
      value: -2.5
      objectReference: {fileID: 0}
    - target: {fileID: 7489963649338398020, guid: 8adaee0541034f546a0ba84d770f43c1,
        type: 3}
      propertyPath: m_LocalPosition.y
      value: -4.5
      objectReference: {fileID: 0}
    - target: {fileID: 7489963649338398020, guid: 8adaee0541034f546a0ba84d770f43c1,
        type: 3}
      propertyPath: m_LocalPosition.z
      value: 0
      objectReference: {fileID: 0}
    - target: {fileID: 7489963649338398020, guid: 8adaee0541034f546a0ba84d770f43c1,
        type: 3}
      propertyPath: m_LocalRotation.x
      value: 0
      objectReference: {fileID: 0}
    - target: {fileID: 7489963649338398020, guid: 8adaee0541034f546a0ba84d770f43c1,
        type: 3}
      propertyPath: m_LocalRotation.y
      value: 0
      objectReference: {fileID: 0}
    - target: {fileID: 7489963649338398020, guid: 8adaee0541034f546a0ba84d770f43c1,
        type: 3}
      propertyPath: m_LocalRotation.z
      value: 0
      objectReference: {fileID: 0}
    - target: {fileID: 7489963649338398020, guid: 8adaee0541034f546a0ba84d770f43c1,
        type: 3}
      propertyPath: m_LocalRotation.w
      value: 1
      objectReference: {fileID: 0}
    - target: {fileID: 7489963649338398020, guid: 8adaee0541034f546a0ba84d770f43c1,
        type: 3}
      propertyPath: m_RootOrder
      value: 3
      objectReference: {fileID: 0}
    - target: {fileID: 7489963649338398020, guid: 8adaee0541034f546a0ba84d770f43c1,
        type: 3}
      propertyPath: m_LocalEulerAnglesHint.x
      value: 0
      objectReference: {fileID: 0}
    - target: {fileID: 7489963649338398020, guid: 8adaee0541034f546a0ba84d770f43c1,
        type: 3}
      propertyPath: m_LocalEulerAnglesHint.y
      value: 0
      objectReference: {fileID: 0}
    - target: {fileID: 7489963649338398020, guid: 8adaee0541034f546a0ba84d770f43c1,
        type: 3}
      propertyPath: m_LocalEulerAnglesHint.z
      value: 0
      objectReference: {fileID: 0}
    - target: {fileID: 7489963649338398021, guid: 8adaee0541034f546a0ba84d770f43c1,
        type: 3}
      propertyPath: m_Name
      value: Grid Block (3)
      objectReference: {fileID: 0}
    m_RemovedComponents: []
  m_SourcePrefab: {fileID: 100100000, guid: 8adaee0541034f546a0ba84d770f43c1, type: 3}
--- !u!4 &1519846039208761604 stripped
Transform:
  m_CorrespondingSourceObject: {fileID: 7489963649338398020, guid: 8adaee0541034f546a0ba84d770f43c1,
    type: 3}
  m_PrefabInstance: {fileID: 8279341983209999424}
  m_PrefabAsset: {fileID: 0}
--- !u!1001 &8388653738588584250
PrefabInstance:
  m_ObjectHideFlags: 0
  serializedVersion: 2
  m_Modification:
    m_TransformParent: {fileID: 7308137263861390015}
    m_Modifications:
    - target: {fileID: 7489963649338398020, guid: 8adaee0541034f546a0ba84d770f43c1,
        type: 3}
      propertyPath: m_LocalPosition.x
      value: 3.5
      objectReference: {fileID: 0}
    - target: {fileID: 7489963649338398020, guid: 8adaee0541034f546a0ba84d770f43c1,
        type: 3}
      propertyPath: m_LocalPosition.y
      value: -2.5
      objectReference: {fileID: 0}
    - target: {fileID: 7489963649338398020, guid: 8adaee0541034f546a0ba84d770f43c1,
        type: 3}
      propertyPath: m_LocalPosition.z
      value: 0
      objectReference: {fileID: 0}
    - target: {fileID: 7489963649338398020, guid: 8adaee0541034f546a0ba84d770f43c1,
        type: 3}
      propertyPath: m_LocalRotation.x
      value: 0
      objectReference: {fileID: 0}
    - target: {fileID: 7489963649338398020, guid: 8adaee0541034f546a0ba84d770f43c1,
        type: 3}
      propertyPath: m_LocalRotation.y
      value: 0
      objectReference: {fileID: 0}
    - target: {fileID: 7489963649338398020, guid: 8adaee0541034f546a0ba84d770f43c1,
        type: 3}
      propertyPath: m_LocalRotation.z
      value: 0
      objectReference: {fileID: 0}
    - target: {fileID: 7489963649338398020, guid: 8adaee0541034f546a0ba84d770f43c1,
        type: 3}
      propertyPath: m_LocalRotation.w
      value: 1
      objectReference: {fileID: 0}
    - target: {fileID: 7489963649338398020, guid: 8adaee0541034f546a0ba84d770f43c1,
        type: 3}
      propertyPath: m_RootOrder
      value: 18
      objectReference: {fileID: 0}
    - target: {fileID: 7489963649338398020, guid: 8adaee0541034f546a0ba84d770f43c1,
        type: 3}
      propertyPath: m_LocalEulerAnglesHint.x
      value: 0
      objectReference: {fileID: 0}
    - target: {fileID: 7489963649338398020, guid: 8adaee0541034f546a0ba84d770f43c1,
        type: 3}
      propertyPath: m_LocalEulerAnglesHint.y
      value: 0
      objectReference: {fileID: 0}
    - target: {fileID: 7489963649338398020, guid: 8adaee0541034f546a0ba84d770f43c1,
        type: 3}
      propertyPath: m_LocalEulerAnglesHint.z
      value: 0
      objectReference: {fileID: 0}
    - target: {fileID: 7489963649338398021, guid: 8adaee0541034f546a0ba84d770f43c1,
        type: 3}
      propertyPath: m_Name
      value: Grid Block (18)
      objectReference: {fileID: 0}
    m_RemovedComponents: []
  m_SourcePrefab: {fileID: 100100000, guid: 8adaee0541034f546a0ba84d770f43c1, type: 3}
--- !u!4 &1412949820682038398 stripped
Transform:
  m_CorrespondingSourceObject: {fileID: 7489963649338398020, guid: 8adaee0541034f546a0ba84d770f43c1,
    type: 3}
  m_PrefabInstance: {fileID: 8388653738588584250}
  m_PrefabAsset: {fileID: 0}
--- !u!1001 &8410980854278542259
PrefabInstance:
  m_ObjectHideFlags: 0
  serializedVersion: 2
  m_Modification:
    m_TransformParent: {fileID: 7308137263861390015}
    m_Modifications:
    - target: {fileID: 7489963649338398020, guid: 8adaee0541034f546a0ba84d770f43c1,
        type: 3}
      propertyPath: m_LocalPosition.x
      value: 3.5
      objectReference: {fileID: 0}
    - target: {fileID: 7489963649338398020, guid: 8adaee0541034f546a0ba84d770f43c1,
        type: 3}
      propertyPath: m_LocalPosition.y
      value: -4.5
      objectReference: {fileID: 0}
    - target: {fileID: 7489963649338398020, guid: 8adaee0541034f546a0ba84d770f43c1,
        type: 3}
      propertyPath: m_LocalPosition.z
      value: 0
      objectReference: {fileID: 0}
    - target: {fileID: 7489963649338398020, guid: 8adaee0541034f546a0ba84d770f43c1,
        type: 3}
      propertyPath: m_LocalRotation.x
      value: 0
      objectReference: {fileID: 0}
    - target: {fileID: 7489963649338398020, guid: 8adaee0541034f546a0ba84d770f43c1,
        type: 3}
      propertyPath: m_LocalRotation.y
      value: 0
      objectReference: {fileID: 0}
    - target: {fileID: 7489963649338398020, guid: 8adaee0541034f546a0ba84d770f43c1,
        type: 3}
      propertyPath: m_LocalRotation.z
      value: 0
      objectReference: {fileID: 0}
    - target: {fileID: 7489963649338398020, guid: 8adaee0541034f546a0ba84d770f43c1,
        type: 3}
      propertyPath: m_LocalRotation.w
      value: 1
      objectReference: {fileID: 0}
    - target: {fileID: 7489963649338398020, guid: 8adaee0541034f546a0ba84d770f43c1,
        type: 3}
      propertyPath: m_RootOrder
      value: 6
      objectReference: {fileID: 0}
    - target: {fileID: 7489963649338398020, guid: 8adaee0541034f546a0ba84d770f43c1,
        type: 3}
      propertyPath: m_LocalEulerAnglesHint.x
      value: 0
      objectReference: {fileID: 0}
    - target: {fileID: 7489963649338398020, guid: 8adaee0541034f546a0ba84d770f43c1,
        type: 3}
      propertyPath: m_LocalEulerAnglesHint.y
      value: 0
      objectReference: {fileID: 0}
    - target: {fileID: 7489963649338398020, guid: 8adaee0541034f546a0ba84d770f43c1,
        type: 3}
      propertyPath: m_LocalEulerAnglesHint.z
      value: 0
      objectReference: {fileID: 0}
    - target: {fileID: 7489963649338398021, guid: 8adaee0541034f546a0ba84d770f43c1,
        type: 3}
      propertyPath: m_Name
      value: Grid Block (6)
      objectReference: {fileID: 0}
    m_RemovedComponents: []
  m_SourcePrefab: {fileID: 100100000, guid: 8adaee0541034f546a0ba84d770f43c1, type: 3}
--- !u!4 &1389497680870573815 stripped
Transform:
  m_CorrespondingSourceObject: {fileID: 7489963649338398020, guid: 8adaee0541034f546a0ba84d770f43c1,
    type: 3}
  m_PrefabInstance: {fileID: 8410980854278542259}
  m_PrefabAsset: {fileID: 0}
--- !u!1001 &8709420527358542912
PrefabInstance:
  m_ObjectHideFlags: 0
  serializedVersion: 2
  m_Modification:
    m_TransformParent: {fileID: 7308137263861390015}
    m_Modifications:
    - target: {fileID: 7489963649338398020, guid: 8adaee0541034f546a0ba84d770f43c1,
        type: 3}
      propertyPath: m_LocalPosition.x
      value: 3.5
      objectReference: {fileID: 0}
    - target: {fileID: 7489963649338398020, guid: 8adaee0541034f546a0ba84d770f43c1,
        type: 3}
      propertyPath: m_LocalPosition.y
      value: -1.5
      objectReference: {fileID: 0}
    - target: {fileID: 7489963649338398020, guid: 8adaee0541034f546a0ba84d770f43c1,
        type: 3}
      propertyPath: m_LocalPosition.z
      value: 0
      objectReference: {fileID: 0}
    - target: {fileID: 7489963649338398020, guid: 8adaee0541034f546a0ba84d770f43c1,
        type: 3}
      propertyPath: m_LocalRotation.x
      value: 0
      objectReference: {fileID: 0}
    - target: {fileID: 7489963649338398020, guid: 8adaee0541034f546a0ba84d770f43c1,
        type: 3}
      propertyPath: m_LocalRotation.y
      value: 0
      objectReference: {fileID: 0}
    - target: {fileID: 7489963649338398020, guid: 8adaee0541034f546a0ba84d770f43c1,
        type: 3}
      propertyPath: m_LocalRotation.z
      value: 0
      objectReference: {fileID: 0}
    - target: {fileID: 7489963649338398020, guid: 8adaee0541034f546a0ba84d770f43c1,
        type: 3}
      propertyPath: m_LocalRotation.w
      value: 1
      objectReference: {fileID: 0}
    - target: {fileID: 7489963649338398020, guid: 8adaee0541034f546a0ba84d770f43c1,
        type: 3}
      propertyPath: m_RootOrder
      value: 19
      objectReference: {fileID: 0}
    - target: {fileID: 7489963649338398020, guid: 8adaee0541034f546a0ba84d770f43c1,
        type: 3}
      propertyPath: m_LocalEulerAnglesHint.x
      value: 0
      objectReference: {fileID: 0}
    - target: {fileID: 7489963649338398020, guid: 8adaee0541034f546a0ba84d770f43c1,
        type: 3}
      propertyPath: m_LocalEulerAnglesHint.y
      value: 0
      objectReference: {fileID: 0}
    - target: {fileID: 7489963649338398020, guid: 8adaee0541034f546a0ba84d770f43c1,
        type: 3}
      propertyPath: m_LocalEulerAnglesHint.z
      value: 0
      objectReference: {fileID: 0}
    - target: {fileID: 7489963649338398021, guid: 8adaee0541034f546a0ba84d770f43c1,
        type: 3}
      propertyPath: m_Name
      value: Grid Block (19)
      objectReference: {fileID: 0}
    m_RemovedComponents: []
  m_SourcePrefab: {fileID: 100100000, guid: 8adaee0541034f546a0ba84d770f43c1, type: 3}
--- !u!4 &2247192388992028932 stripped
Transform:
  m_CorrespondingSourceObject: {fileID: 7489963649338398020, guid: 8adaee0541034f546a0ba84d770f43c1,
    type: 3}
  m_PrefabInstance: {fileID: 8709420527358542912}
  m_PrefabAsset: {fileID: 0}
--- !u!1001 &8968404591958314646
PrefabInstance:
  m_ObjectHideFlags: 0
  serializedVersion: 2
  m_Modification:
    m_TransformParent: {fileID: 7308137263861390015}
    m_Modifications:
    - target: {fileID: 7489963649338398020, guid: 8adaee0541034f546a0ba84d770f43c1,
        type: 3}
      propertyPath: m_LocalPosition.x
      value: -3.5
      objectReference: {fileID: 0}
    - target: {fileID: 7489963649338398020, guid: 8adaee0541034f546a0ba84d770f43c1,
        type: 3}
      propertyPath: m_LocalPosition.y
      value: -0.5
      objectReference: {fileID: 0}
    - target: {fileID: 7489963649338398020, guid: 8adaee0541034f546a0ba84d770f43c1,
        type: 3}
      propertyPath: m_LocalPosition.z
      value: 0
      objectReference: {fileID: 0}
    - target: {fileID: 7489963649338398020, guid: 8adaee0541034f546a0ba84d770f43c1,
        type: 3}
      propertyPath: m_LocalRotation.x
      value: 0
      objectReference: {fileID: 0}
    - target: {fileID: 7489963649338398020, guid: 8adaee0541034f546a0ba84d770f43c1,
        type: 3}
      propertyPath: m_LocalRotation.y
      value: 0
      objectReference: {fileID: 0}
    - target: {fileID: 7489963649338398020, guid: 8adaee0541034f546a0ba84d770f43c1,
        type: 3}
      propertyPath: m_LocalRotation.z
      value: 0
      objectReference: {fileID: 0}
    - target: {fileID: 7489963649338398020, guid: 8adaee0541034f546a0ba84d770f43c1,
        type: 3}
      propertyPath: m_LocalRotation.w
      value: 1
      objectReference: {fileID: 0}
    - target: {fileID: 7489963649338398020, guid: 8adaee0541034f546a0ba84d770f43c1,
        type: 3}
      propertyPath: m_RootOrder
      value: 11
      objectReference: {fileID: 0}
    - target: {fileID: 7489963649338398020, guid: 8adaee0541034f546a0ba84d770f43c1,
        type: 3}
      propertyPath: m_LocalEulerAnglesHint.x
      value: 0
      objectReference: {fileID: 0}
    - target: {fileID: 7489963649338398020, guid: 8adaee0541034f546a0ba84d770f43c1,
        type: 3}
      propertyPath: m_LocalEulerAnglesHint.y
      value: 0
      objectReference: {fileID: 0}
    - target: {fileID: 7489963649338398020, guid: 8adaee0541034f546a0ba84d770f43c1,
        type: 3}
      propertyPath: m_LocalEulerAnglesHint.z
      value: 0
      objectReference: {fileID: 0}
    - target: {fileID: 7489963649338398021, guid: 8adaee0541034f546a0ba84d770f43c1,
        type: 3}
      propertyPath: m_Name
      value: Grid Block (11)
      objectReference: {fileID: 0}
    m_RemovedComponents: []
  m_SourcePrefab: {fileID: 100100000, guid: 8adaee0541034f546a0ba84d770f43c1, type: 3}
--- !u!4 &1983728110726486994 stripped
Transform:
  m_CorrespondingSourceObject: {fileID: 7489963649338398020, guid: 8adaee0541034f546a0ba84d770f43c1,
    type: 3}
  m_PrefabInstance: {fileID: 8968404591958314646}
  m_PrefabAsset: {fileID: 0}
