%YAML 1.1
%TAG !u! tag:unity3d.com,2011:
--- !u!1 &5923223300001485297
GameObject:
  m_ObjectHideFlags: 0
  m_CorrespondingSourceObject: {fileID: 0}
  m_PrefabInstance: {fileID: 0}
  m_PrefabAsset: {fileID: 0}
  serializedVersion: 6
  m_Component:
  - component: {fileID: 6961141078554888551}
  - component: {fileID: -1615609758285856992}
  m_Layer: 0
  m_Name: O Tetronome
  m_TagString: Untagged
  m_Icon: {fileID: 0}
  m_NavMeshLayer: 0
  m_StaticEditorFlags: 0
  m_IsActive: 1
--- !u!4 &6961141078554888551
Transform:
  m_ObjectHideFlags: 0
  m_CorrespondingSourceObject: {fileID: 0}
  m_PrefabInstance: {fileID: 0}
  m_PrefabAsset: {fileID: 0}
  m_GameObject: {fileID: 5923223300001485297}
  m_LocalRotation: {x: 0, y: 0, z: 0, w: 1}
  m_LocalPosition: {x: 0, y: 0, z: 0}
  m_LocalScale: {x: 1, y: 1, z: 1}
  m_Children:
  - {fileID: 2654795023948056079}
  m_Father: {fileID: 0}
  m_RootOrder: 0
  m_LocalEulerAnglesHint: {x: 0, y: 0, z: 0}
--- !u!114 &-1615609758285856992
MonoBehaviour:
  m_ObjectHideFlags: 0
  m_CorrespondingSourceObject: {fileID: 0}
  m_PrefabInstance: {fileID: 0}
  m_PrefabAsset: {fileID: 0}
  m_GameObject: {fileID: 5923223300001485297}
  m_Enabled: 1
  m_EditorHideFlags: 0
  m_Script: {fileID: 11500000, guid: 3052699861b4de94eba186b80abc8b1d, type: 3}
  m_Name: 
  m_EditorClassIdentifier: 
  isActive: 1
  canGoRight: 1
  canGoLeft: 1
  canRotate: 0
  fallCountdown: 1
  gameManager: {fileID: 0}
--- !u!1 &7914050232985305200
GameObject:
  m_ObjectHideFlags: 0
  m_CorrespondingSourceObject: {fileID: 0}
  m_PrefabInstance: {fileID: 0}
  m_PrefabAsset: {fileID: 0}
  serializedVersion: 6
  m_Component:
  - component: {fileID: 2654795023948056079}
  m_Layer: 0
  m_Name: GameObject
  m_TagString: Untagged
  m_Icon: {fileID: 0}
  m_NavMeshLayer: 0
  m_StaticEditorFlags: 0
  m_IsActive: 1
--- !u!4 &2654795023948056079
Transform:
  m_ObjectHideFlags: 0
  m_CorrespondingSourceObject: {fileID: 0}
  m_PrefabInstance: {fileID: 0}
  m_PrefabAsset: {fileID: 0}
  m_GameObject: {fileID: 7914050232985305200}
  m_LocalRotation: {x: 0, y: 0, z: 0, w: 1}
  m_LocalPosition: {x: 0, y: 0, z: 0}
  m_LocalScale: {x: 1, y: 1, z: 1}
  m_Children:
  - {fileID: 237752643459170916}
  - {fileID: 8233636730887558360}
  - {fileID: 6416670921067681941}
  - {fileID: 6025905096038101116}
  m_Father: {fileID: 6961141078554888551}
  m_RootOrder: 0
  m_LocalEulerAnglesHint: {x: 0, y: 0, z: 0}
--- !u!1001 &1802371738254510941
PrefabInstance:
  m_ObjectHideFlags: 0
  serializedVersion: 2
  m_Modification:
    m_TransformParent: {fileID: 2654795023948056079}
    m_Modifications:
    - target: {fileID: 58494081628797629, guid: a63c0f45dfa731a4bb822e44c1af8e6c,
        type: 3}
      propertyPath: parent
      value: 
      objectReference: {fileID: -1615609758285856992}
    - target: {fileID: 1895986095243807033, guid: a63c0f45dfa731a4bb822e44c1af8e6c,
        type: 3}
      propertyPath: m_LocalPosition.x
      value: 1
      objectReference: {fileID: 0}
    - target: {fileID: 1895986095243807033, guid: a63c0f45dfa731a4bb822e44c1af8e6c,
        type: 3}
      propertyPath: m_LocalPosition.y
      value: 0
      objectReference: {fileID: 0}
    - target: {fileID: 1895986095243807033, guid: a63c0f45dfa731a4bb822e44c1af8e6c,
        type: 3}
      propertyPath: m_LocalPosition.z
      value: 0
      objectReference: {fileID: 0}
    - target: {fileID: 1895986095243807033, guid: a63c0f45dfa731a4bb822e44c1af8e6c,
        type: 3}
      propertyPath: m_LocalRotation.x
      value: -0
      objectReference: {fileID: 0}
    - target: {fileID: 1895986095243807033, guid: a63c0f45dfa731a4bb822e44c1af8e6c,
        type: 3}
      propertyPath: m_LocalRotation.y
      value: -0
      objectReference: {fileID: 0}
    - target: {fileID: 1895986095243807033, guid: a63c0f45dfa731a4bb822e44c1af8e6c,
        type: 3}
      propertyPath: m_LocalRotation.z
      value: -0
      objectReference: {fileID: 0}
    - target: {fileID: 1895986095243807033, guid: a63c0f45dfa731a4bb822e44c1af8e6c,
        type: 3}
      propertyPath: m_LocalRotation.w
      value: 1
      objectReference: {fileID: 0}
    - target: {fileID: 1895986095243807033, guid: a63c0f45dfa731a4bb822e44c1af8e6c,
        type: 3}
      propertyPath: m_RootOrder
      value: 0
      objectReference: {fileID: 0}
    - target: {fileID: 1895986095243807033, guid: a63c0f45dfa731a4bb822e44c1af8e6c,
        type: 3}
      propertyPath: m_LocalEulerAnglesHint.x
      value: 0
      objectReference: {fileID: 0}
    - target: {fileID: 1895986095243807033, guid: a63c0f45dfa731a4bb822e44c1af8e6c,
        type: 3}
      propertyPath: m_LocalEulerAnglesHint.y
      value: 0
      objectReference: {fileID: 0}
    - target: {fileID: 1895986095243807033, guid: a63c0f45dfa731a4bb822e44c1af8e6c,
        type: 3}
      propertyPath: m_LocalEulerAnglesHint.z
      value: 0
      objectReference: {fileID: 0}
    - target: {fileID: 1895986095243807033, guid: a63c0f45dfa731a4bb822e44c1af8e6c,
        type: 3}
      propertyPath: m_LocalScale.x
      value: 0.9465
      objectReference: {fileID: 0}
    - target: {fileID: 1895986095243807033, guid: a63c0f45dfa731a4bb822e44c1af8e6c,
        type: 3}
      propertyPath: m_LocalScale.y
      value: 0.9465
      objectReference: {fileID: 0}
    - target: {fileID: 1895986095243807033, guid: a63c0f45dfa731a4bb822e44c1af8e6c,
        type: 3}
      propertyPath: m_LocalScale.z
      value: 1
      objectReference: {fileID: 0}
    - target: {fileID: 8131146382330841241, guid: a63c0f45dfa731a4bb822e44c1af8e6c,
        type: 3}
      propertyPath: m_Name
      value: Block (4)
      objectReference: {fileID: 0}
    m_RemovedComponents: []
  m_SourcePrefab: {fileID: 100100000, guid: a63c0f45dfa731a4bb822e44c1af8e6c, type: 3}
--- !u!4 &237752643459170916 stripped
Transform:
  m_CorrespondingSourceObject: {fileID: 1895986095243807033, guid: a63c0f45dfa731a4bb822e44c1af8e6c,
    type: 3}
  m_PrefabInstance: {fileID: 1802371738254510941}
  m_PrefabAsset: {fileID: 0}
--- !u!1001 &4846855588007055788
PrefabInstance:
  m_ObjectHideFlags: 0
  serializedVersion: 2
  m_Modification:
    m_TransformParent: {fileID: 2654795023948056079}
    m_Modifications:
    - target: {fileID: 58494081628797629, guid: a63c0f45dfa731a4bb822e44c1af8e6c,
        type: 3}
      propertyPath: parent
      value: 
      objectReference: {fileID: -1615609758285856992}
    - target: {fileID: 1895986095243807033, guid: a63c0f45dfa731a4bb822e44c1af8e6c,
        type: 3}
      propertyPath: m_LocalPosition.x
      value: 1
      objectReference: {fileID: 0}
    - target: {fileID: 1895986095243807033, guid: a63c0f45dfa731a4bb822e44c1af8e6c,
        type: 3}
      propertyPath: m_LocalPosition.y
      value: 1
      objectReference: {fileID: 0}
    - target: {fileID: 1895986095243807033, guid: a63c0f45dfa731a4bb822e44c1af8e6c,
        type: 3}
      propertyPath: m_LocalPosition.z
      value: 0
      objectReference: {fileID: 0}
    - target: {fileID: 1895986095243807033, guid: a63c0f45dfa731a4bb822e44c1af8e6c,
        type: 3}
      propertyPath: m_LocalRotation.x
      value: -0
      objectReference: {fileID: 0}
    - target: {fileID: 1895986095243807033, guid: a63c0f45dfa731a4bb822e44c1af8e6c,
        type: 3}
      propertyPath: m_LocalRotation.y
      value: -0
      objectReference: {fileID: 0}
    - target: {fileID: 1895986095243807033, guid: a63c0f45dfa731a4bb822e44c1af8e6c,
        type: 3}
      propertyPath: m_LocalRotation.z
      value: -0
      objectReference: {fileID: 0}
    - target: {fileID: 1895986095243807033, guid: a63c0f45dfa731a4bb822e44c1af8e6c,
        type: 3}
      propertyPath: m_LocalRotation.w
      value: 1
      objectReference: {fileID: 0}
    - target: {fileID: 1895986095243807033, guid: a63c0f45dfa731a4bb822e44c1af8e6c,
        type: 3}
      propertyPath: m_RootOrder
      value: 2
      objectReference: {fileID: 0}
    - target: {fileID: 1895986095243807033, guid: a63c0f45dfa731a4bb822e44c1af8e6c,
        type: 3}
      propertyPath: m_LocalEulerAnglesHint.x
      value: 0
      objectReference: {fileID: 0}
    - target: {fileID: 1895986095243807033, guid: a63c0f45dfa731a4bb822e44c1af8e6c,
        type: 3}
      propertyPath: m_LocalEulerAnglesHint.y
      value: 0
      objectReference: {fileID: 0}
    - target: {fileID: 1895986095243807033, guid: a63c0f45dfa731a4bb822e44c1af8e6c,
        type: 3}
      propertyPath: m_LocalEulerAnglesHint.z
      value: 0
      objectReference: {fileID: 0}
    - target: {fileID: 1895986095243807033, guid: a63c0f45dfa731a4bb822e44c1af8e6c,
        type: 3}
      propertyPath: m_LocalScale.x
      value: 0.9465
      objectReference: {fileID: 0}
    - target: {fileID: 1895986095243807033, guid: a63c0f45dfa731a4bb822e44c1af8e6c,
        type: 3}
      propertyPath: m_LocalScale.y
      value: 0.9465
      objectReference: {fileID: 0}
    - target: {fileID: 1895986095243807033, guid: a63c0f45dfa731a4bb822e44c1af8e6c,
        type: 3}
      propertyPath: m_LocalScale.z
      value: 1
      objectReference: {fileID: 0}
    - target: {fileID: 8131146382330841241, guid: a63c0f45dfa731a4bb822e44c1af8e6c,
        type: 3}
      propertyPath: m_Name
      value: Block (6)
      objectReference: {fileID: 0}
    m_RemovedComponents: []
  m_SourcePrefab: {fileID: 100100000, guid: a63c0f45dfa731a4bb822e44c1af8e6c, type: 3}
--- !u!4 &6416670921067681941 stripped
Transform:
  m_CorrespondingSourceObject: {fileID: 1895986095243807033, guid: a63c0f45dfa731a4bb822e44c1af8e6c,
    type: 3}
  m_PrefabInstance: {fileID: 4846855588007055788}
  m_PrefabAsset: {fileID: 0}
--- !u!1001 &5327676501154822469
PrefabInstance:
  m_ObjectHideFlags: 0
  serializedVersion: 2
  m_Modification:
    m_TransformParent: {fileID: 2654795023948056079}
    m_Modifications:
    - target: {fileID: 58494081628797629, guid: a63c0f45dfa731a4bb822e44c1af8e6c,
        type: 3}
      propertyPath: parent
      value: 
      objectReference: {fileID: -1615609758285856992}
    - target: {fileID: 1895986095243807033, guid: a63c0f45dfa731a4bb822e44c1af8e6c,
        type: 3}
      propertyPath: m_LocalPosition.x
      value: 0
      objectReference: {fileID: 0}
    - target: {fileID: 1895986095243807033, guid: a63c0f45dfa731a4bb822e44c1af8e6c,
        type: 3}
      propertyPath: m_LocalPosition.y
      value: 0
      objectReference: {fileID: 0}
    - target: {fileID: 1895986095243807033, guid: a63c0f45dfa731a4bb822e44c1af8e6c,
        type: 3}
      propertyPath: m_LocalPosition.z
      value: 0
      objectReference: {fileID: 0}
    - target: {fileID: 1895986095243807033, guid: a63c0f45dfa731a4bb822e44c1af8e6c,
        type: 3}
      propertyPath: m_LocalRotation.x
      value: -0
      objectReference: {fileID: 0}
    - target: {fileID: 1895986095243807033, guid: a63c0f45dfa731a4bb822e44c1af8e6c,
        type: 3}
      propertyPath: m_LocalRotation.y
      value: -0
      objectReference: {fileID: 0}
    - target: {fileID: 1895986095243807033, guid: a63c0f45dfa731a4bb822e44c1af8e6c,
        type: 3}
      propertyPath: m_LocalRotation.z
      value: -0
      objectReference: {fileID: 0}
    - target: {fileID: 1895986095243807033, guid: a63c0f45dfa731a4bb822e44c1af8e6c,
        type: 3}
      propertyPath: m_LocalRotation.w
      value: 1
      objectReference: {fileID: 0}
    - target: {fileID: 1895986095243807033, guid: a63c0f45dfa731a4bb822e44c1af8e6c,
        type: 3}
      propertyPath: m_RootOrder
      value: 3
      objectReference: {fileID: 0}
    - target: {fileID: 1895986095243807033, guid: a63c0f45dfa731a4bb822e44c1af8e6c,
        type: 3}
      propertyPath: m_LocalEulerAnglesHint.x
      value: 0
      objectReference: {fileID: 0}
    - target: {fileID: 1895986095243807033, guid: a63c0f45dfa731a4bb822e44c1af8e6c,
        type: 3}
      propertyPath: m_LocalEulerAnglesHint.y
      value: 0
      objectReference: {fileID: 0}
    - target: {fileID: 1895986095243807033, guid: a63c0f45dfa731a4bb822e44c1af8e6c,
        type: 3}
      propertyPath: m_LocalEulerAnglesHint.z
      value: 0
      objectReference: {fileID: 0}
    - target: {fileID: 1895986095243807033, guid: a63c0f45dfa731a4bb822e44c1af8e6c,
        type: 3}
      propertyPath: m_LocalScale.x
      value: 0.9465
      objectReference: {fileID: 0}
    - target: {fileID: 1895986095243807033, guid: a63c0f45dfa731a4bb822e44c1af8e6c,
        type: 3}
      propertyPath: m_LocalScale.y
      value: 0.9465
      objectReference: {fileID: 0}
    - target: {fileID: 1895986095243807033, guid: a63c0f45dfa731a4bb822e44c1af8e6c,
        type: 3}
      propertyPath: m_LocalScale.z
      value: 1
      objectReference: {fileID: 0}
    - target: {fileID: 8131146382330841241, guid: a63c0f45dfa731a4bb822e44c1af8e6c,
        type: 3}
      propertyPath: m_Name
      value: Block (7)
      objectReference: {fileID: 0}
    m_RemovedComponents: []
  m_SourcePrefab: {fileID: 100100000, guid: a63c0f45dfa731a4bb822e44c1af8e6c, type: 3}
--- !u!4 &6025905096038101116 stripped
Transform:
  m_CorrespondingSourceObject: {fileID: 1895986095243807033, guid: a63c0f45dfa731a4bb822e44c1af8e6c,
    type: 3}
  m_PrefabInstance: {fileID: 5327676501154822469}
  m_PrefabAsset: {fileID: 0}
--- !u!1001 &7497408940062219745
PrefabInstance:
  m_ObjectHideFlags: 0
  serializedVersion: 2
  m_Modification:
    m_TransformParent: {fileID: 2654795023948056079}
    m_Modifications:
    - target: {fileID: 58494081628797629, guid: a63c0f45dfa731a4bb822e44c1af8e6c,
        type: 3}
      propertyPath: parent
      value: 
      objectReference: {fileID: -1615609758285856992}
    - target: {fileID: 1895986095243807033, guid: a63c0f45dfa731a4bb822e44c1af8e6c,
        type: 3}
      propertyPath: m_LocalPosition.x
      value: 0
      objectReference: {fileID: 0}
    - target: {fileID: 1895986095243807033, guid: a63c0f45dfa731a4bb822e44c1af8e6c,
        type: 3}
      propertyPath: m_LocalPosition.y
      value: 1
      objectReference: {fileID: 0}
    - target: {fileID: 1895986095243807033, guid: a63c0f45dfa731a4bb822e44c1af8e6c,
        type: 3}
      propertyPath: m_LocalPosition.z
      value: 0
      objectReference: {fileID: 0}
    - target: {fileID: 1895986095243807033, guid: a63c0f45dfa731a4bb822e44c1af8e6c,
        type: 3}
      propertyPath: m_LocalRotation.x
      value: -0
      objectReference: {fileID: 0}
    - target: {fileID: 1895986095243807033, guid: a63c0f45dfa731a4bb822e44c1af8e6c,
        type: 3}
      propertyPath: m_LocalRotation.y
      value: -0
      objectReference: {fileID: 0}
    - target: {fileID: 1895986095243807033, guid: a63c0f45dfa731a4bb822e44c1af8e6c,
        type: 3}
      propertyPath: m_LocalRotation.z
      value: -0
      objectReference: {fileID: 0}
    - target: {fileID: 1895986095243807033, guid: a63c0f45dfa731a4bb822e44c1af8e6c,
        type: 3}
      propertyPath: m_LocalRotation.w
      value: 1
      objectReference: {fileID: 0}
    - target: {fileID: 1895986095243807033, guid: a63c0f45dfa731a4bb822e44c1af8e6c,
        type: 3}
      propertyPath: m_RootOrder
      value: 1
      objectReference: {fileID: 0}
    - target: {fileID: 1895986095243807033, guid: a63c0f45dfa731a4bb822e44c1af8e6c,
        type: 3}
      propertyPath: m_LocalEulerAnglesHint.x
      value: 0
      objectReference: {fileID: 0}
    - target: {fileID: 1895986095243807033, guid: a63c0f45dfa731a4bb822e44c1af8e6c,
        type: 3}
      propertyPath: m_LocalEulerAnglesHint.y
      value: 0
      objectReference: {fileID: 0}
    - target: {fileID: 1895986095243807033, guid: a63c0f45dfa731a4bb822e44c1af8e6c,
        type: 3}
      propertyPath: m_LocalEulerAnglesHint.z
      value: 0
      objectReference: {fileID: 0}
    - target: {fileID: 1895986095243807033, guid: a63c0f45dfa731a4bb822e44c1af8e6c,
        type: 3}
      propertyPath: m_LocalScale.x
      value: 0.9465
      objectReference: {fileID: 0}
    - target: {fileID: 1895986095243807033, guid: a63c0f45dfa731a4bb822e44c1af8e6c,
        type: 3}
      propertyPath: m_LocalScale.y
      value: 0.9465
      objectReference: {fileID: 0}
    - target: {fileID: 1895986095243807033, guid: a63c0f45dfa731a4bb822e44c1af8e6c,
        type: 3}
      propertyPath: m_LocalScale.z
      value: 1
      objectReference: {fileID: 0}
    - target: {fileID: 8131146382330841241, guid: a63c0f45dfa731a4bb822e44c1af8e6c,
        type: 3}
      propertyPath: m_Name
      value: Block (5)
      objectReference: {fileID: 0}
    m_RemovedComponents: []
  m_SourcePrefab: {fileID: 100100000, guid: a63c0f45dfa731a4bb822e44c1af8e6c, type: 3}
--- !u!4 &8233636730887558360 stripped
Transform:
  m_CorrespondingSourceObject: {fileID: 1895986095243807033, guid: a63c0f45dfa731a4bb822e44c1af8e6c,
    type: 3}
  m_PrefabInstance: {fileID: 7497408940062219745}
  m_PrefabAsset: {fileID: 0}
