%YAML 1.1
%TAG !u! tag:unity3d.com,2011:
--- !u!1 &7129312828871408953
GameObject:
  m_ObjectHideFlags: 0
  m_CorrespondingSourceObject: {fileID: 0}
  m_PrefabInstance: {fileID: 0}
  m_PrefabAsset: {fileID: 0}
  serializedVersion: 6
  m_Component:
  - component: {fileID: 7129312828871408959}
  - component: {fileID: 7129312828871408952}
  m_Layer: 0
  m_Name: T Tetronome
  m_TagString: Untagged
  m_Icon: {fileID: 0}
  m_NavMeshLayer: 0
  m_StaticEditorFlags: 0
  m_IsActive: 1
--- !u!4 &7129312828871408959
Transform:
  m_ObjectHideFlags: 0
  m_CorrespondingSourceObject: {fileID: 0}
  m_PrefabInstance: {fileID: 0}
  m_PrefabAsset: {fileID: 0}
  m_GameObject: {fileID: 7129312828871408953}
  m_LocalRotation: {x: 0, y: 0, z: 0, w: 1}
  m_LocalPosition: {x: 0, y: 0, z: 0}
  m_LocalScale: {x: 1, y: 1, z: 1}
  m_Children:
  - {fileID: 6760092717361838835}
  - {fileID: 8700828518104609265}
  - {fileID: 8700828519284096117}
  - {fileID: 8700828517554891751}
  m_Father: {fileID: 0}
  m_RootOrder: 0
  m_LocalEulerAnglesHint: {x: 0, y: 0, z: 0}
--- !u!114 &7129312828871408952
MonoBehaviour:
  m_ObjectHideFlags: 0
  m_CorrespondingSourceObject: {fileID: 0}
  m_PrefabInstance: {fileID: 0}
  m_PrefabAsset: {fileID: 0}
  m_GameObject: {fileID: 7129312828871408953}
  m_Enabled: 1
  m_EditorHideFlags: 0
  m_Script: {fileID: 11500000, guid: 3052699861b4de94eba186b80abc8b1d, type: 3}
  m_Name: 
  m_EditorClassIdentifier: 
  isActive: 1
  canGoRight: 1
  canGoLeft: 1
  canRotate: 1
  fallCountdown: 1
  gameManager: {fileID: 0}
--- !u!1001 &5160924840141059018
PrefabInstance:
  m_ObjectHideFlags: 0
  serializedVersion: 2
  m_Modification:
    m_TransformParent: {fileID: 7129312828871408959}
    m_Modifications:
    - target: {fileID: 58494081628797629, guid: a63c0f45dfa731a4bb822e44c1af8e6c,
        type: 3}
      propertyPath: parent
      value: 
      objectReference: {fileID: 7129312828871408952}
    - target: {fileID: 1895986095243807033, guid: a63c0f45dfa731a4bb822e44c1af8e6c,
        type: 3}
      propertyPath: m_LocalPosition.x
      value: 0
      objectReference: {fileID: 0}
    - target: {fileID: 1895986095243807033, guid: a63c0f45dfa731a4bb822e44c1af8e6c,
        type: 3}
      propertyPath: m_LocalPosition.y
      value: 0
      objectReference: {fileID: 0}
    - target: {fileID: 1895986095243807033, guid: a63c0f45dfa731a4bb822e44c1af8e6c,
        type: 3}
      propertyPath: m_LocalPosition.z
      value: 0
      objectReference: {fileID: 0}
    - target: {fileID: 1895986095243807033, guid: a63c0f45dfa731a4bb822e44c1af8e6c,
        type: 3}
      propertyPath: m_LocalRotation.x
      value: -0
      objectReference: {fileID: 0}
    - target: {fileID: 1895986095243807033, guid: a63c0f45dfa731a4bb822e44c1af8e6c,
        type: 3}
      propertyPath: m_LocalRotation.y
      value: -0
      objectReference: {fileID: 0}
    - target: {fileID: 1895986095243807033, guid: a63c0f45dfa731a4bb822e44c1af8e6c,
        type: 3}
      propertyPath: m_LocalRotation.z
      value: -0
      objectReference: {fileID: 0}
    - target: {fileID: 1895986095243807033, guid: a63c0f45dfa731a4bb822e44c1af8e6c,
        type: 3}
      propertyPath: m_LocalRotation.w
      value: 1
      objectReference: {fileID: 0}
    - target: {fileID: 1895986095243807033, guid: a63c0f45dfa731a4bb822e44c1af8e6c,
        type: 3}
      propertyPath: m_RootOrder
      value: 0
      objectReference: {fileID: 0}
    - target: {fileID: 1895986095243807033, guid: a63c0f45dfa731a4bb822e44c1af8e6c,
        type: 3}
      propertyPath: m_LocalEulerAnglesHint.x
      value: 0
      objectReference: {fileID: 0}
    - target: {fileID: 1895986095243807033, guid: a63c0f45dfa731a4bb822e44c1af8e6c,
        type: 3}
      propertyPath: m_LocalEulerAnglesHint.y
      value: 0
      objectReference: {fileID: 0}
    - target: {fileID: 1895986095243807033, guid: a63c0f45dfa731a4bb822e44c1af8e6c,
        type: 3}
      propertyPath: m_LocalEulerAnglesHint.z
      value: 0
      objectReference: {fileID: 0}
    - target: {fileID: 1895986095243807033, guid: a63c0f45dfa731a4bb822e44c1af8e6c,
        type: 3}
      propertyPath: m_LocalScale.x
      value: 0.9465
      objectReference: {fileID: 0}
    - target: {fileID: 1895986095243807033, guid: a63c0f45dfa731a4bb822e44c1af8e6c,
        type: 3}
      propertyPath: m_LocalScale.y
      value: 0.9465
      objectReference: {fileID: 0}
    - target: {fileID: 1895986095243807033, guid: a63c0f45dfa731a4bb822e44c1af8e6c,
        type: 3}
      propertyPath: m_LocalScale.z
      value: 1
      objectReference: {fileID: 0}
    - target: {fileID: 8131146382330841241, guid: a63c0f45dfa731a4bb822e44c1af8e6c,
        type: 3}
      propertyPath: m_Name
      value: Block
      objectReference: {fileID: 0}
    m_RemovedComponents: []
  m_SourcePrefab: {fileID: 100100000, guid: a63c0f45dfa731a4bb822e44c1af8e6c, type: 3}
--- !u!4 &6760092717361838835 stripped
Transform:
  m_CorrespondingSourceObject: {fileID: 1895986095243807033, guid: a63c0f45dfa731a4bb822e44c1af8e6c,
    type: 3}
  m_PrefabInstance: {fileID: 5160924840141059018}
  m_PrefabAsset: {fileID: 0}
--- !u!1001 &7129312828268377420
PrefabInstance:
  m_ObjectHideFlags: 0
  serializedVersion: 2
  m_Modification:
    m_TransformParent: {fileID: 7129312828871408959}
    m_Modifications:
    - target: {fileID: 58494081628797629, guid: a63c0f45dfa731a4bb822e44c1af8e6c,
        type: 3}
      propertyPath: parent
      value: 
      objectReference: {fileID: 7129312828871408952}
    - target: {fileID: 1895986095243807033, guid: a63c0f45dfa731a4bb822e44c1af8e6c,
        type: 3}
      propertyPath: m_LocalPosition.x
      value: 1
      objectReference: {fileID: 0}
    - target: {fileID: 1895986095243807033, guid: a63c0f45dfa731a4bb822e44c1af8e6c,
        type: 3}
      propertyPath: m_LocalPosition.y
      value: 0
      objectReference: {fileID: 0}
    - target: {fileID: 1895986095243807033, guid: a63c0f45dfa731a4bb822e44c1af8e6c,
        type: 3}
      propertyPath: m_LocalPosition.z
      value: 0
      objectReference: {fileID: 0}
    - target: {fileID: 1895986095243807033, guid: a63c0f45dfa731a4bb822e44c1af8e6c,
        type: 3}
      propertyPath: m_LocalRotation.x
      value: -0
      objectReference: {fileID: 0}
    - target: {fileID: 1895986095243807033, guid: a63c0f45dfa731a4bb822e44c1af8e6c,
        type: 3}
      propertyPath: m_LocalRotation.y
      value: -0
      objectReference: {fileID: 0}
    - target: {fileID: 1895986095243807033, guid: a63c0f45dfa731a4bb822e44c1af8e6c,
        type: 3}
      propertyPath: m_LocalRotation.z
      value: -0
      objectReference: {fileID: 0}
    - target: {fileID: 1895986095243807033, guid: a63c0f45dfa731a4bb822e44c1af8e6c,
        type: 3}
      propertyPath: m_LocalRotation.w
      value: 1
      objectReference: {fileID: 0}
    - target: {fileID: 1895986095243807033, guid: a63c0f45dfa731a4bb822e44c1af8e6c,
        type: 3}
      propertyPath: m_RootOrder
      value: 2
      objectReference: {fileID: 0}
    - target: {fileID: 1895986095243807033, guid: a63c0f45dfa731a4bb822e44c1af8e6c,
        type: 3}
      propertyPath: m_LocalEulerAnglesHint.x
      value: 0
      objectReference: {fileID: 0}
    - target: {fileID: 1895986095243807033, guid: a63c0f45dfa731a4bb822e44c1af8e6c,
        type: 3}
      propertyPath: m_LocalEulerAnglesHint.y
      value: 0
      objectReference: {fileID: 0}
    - target: {fileID: 1895986095243807033, guid: a63c0f45dfa731a4bb822e44c1af8e6c,
        type: 3}
      propertyPath: m_LocalEulerAnglesHint.z
      value: 0
      objectReference: {fileID: 0}
    - target: {fileID: 1895986095243807033, guid: a63c0f45dfa731a4bb822e44c1af8e6c,
        type: 3}
      propertyPath: m_LocalScale.x
      value: 0.9465
      objectReference: {fileID: 0}
    - target: {fileID: 1895986095243807033, guid: a63c0f45dfa731a4bb822e44c1af8e6c,
        type: 3}
      propertyPath: m_LocalScale.y
      value: 0.9465
      objectReference: {fileID: 0}
    - target: {fileID: 1895986095243807033, guid: a63c0f45dfa731a4bb822e44c1af8e6c,
        type: 3}
      propertyPath: m_LocalScale.z
      value: 1
      objectReference: {fileID: 0}
    - target: {fileID: 8131146382330841241, guid: a63c0f45dfa731a4bb822e44c1af8e6c,
        type: 3}
      propertyPath: m_Name
      value: Block (2)
      objectReference: {fileID: 0}
    m_RemovedComponents: []
  m_SourcePrefab: {fileID: 100100000, guid: a63c0f45dfa731a4bb822e44c1af8e6c, type: 3}
--- !u!4 &8700828519284096117 stripped
Transform:
  m_CorrespondingSourceObject: {fileID: 1895986095243807033, guid: a63c0f45dfa731a4bb822e44c1af8e6c,
    type: 3}
  m_PrefabInstance: {fileID: 7129312828268377420}
  m_PrefabAsset: {fileID: 0}
--- !u!1001 &7129312829301127368
PrefabInstance:
  m_ObjectHideFlags: 0
  serializedVersion: 2
  m_Modification:
    m_TransformParent: {fileID: 7129312828871408959}
    m_Modifications:
    - target: {fileID: 58494081628797629, guid: a63c0f45dfa731a4bb822e44c1af8e6c,
        type: 3}
      propertyPath: parent
      value: 
      objectReference: {fileID: 7129312828871408952}
    - target: {fileID: 1895986095243807033, guid: a63c0f45dfa731a4bb822e44c1af8e6c,
        type: 3}
      propertyPath: m_LocalPosition.x
      value: -1
      objectReference: {fileID: 0}
    - target: {fileID: 1895986095243807033, guid: a63c0f45dfa731a4bb822e44c1af8e6c,
        type: 3}
      propertyPath: m_LocalPosition.y
      value: 0
      objectReference: {fileID: 0}
    - target: {fileID: 1895986095243807033, guid: a63c0f45dfa731a4bb822e44c1af8e6c,
        type: 3}
      propertyPath: m_LocalPosition.z
      value: 0
      objectReference: {fileID: 0}
    - target: {fileID: 1895986095243807033, guid: a63c0f45dfa731a4bb822e44c1af8e6c,
        type: 3}
      propertyPath: m_LocalRotation.x
      value: -0
      objectReference: {fileID: 0}
    - target: {fileID: 1895986095243807033, guid: a63c0f45dfa731a4bb822e44c1af8e6c,
        type: 3}
      propertyPath: m_LocalRotation.y
      value: -0
      objectReference: {fileID: 0}
    - target: {fileID: 1895986095243807033, guid: a63c0f45dfa731a4bb822e44c1af8e6c,
        type: 3}
      propertyPath: m_LocalRotation.z
      value: -0
      objectReference: {fileID: 0}
    - target: {fileID: 1895986095243807033, guid: a63c0f45dfa731a4bb822e44c1af8e6c,
        type: 3}
      propertyPath: m_LocalRotation.w
      value: 1
      objectReference: {fileID: 0}
    - target: {fileID: 1895986095243807033, guid: a63c0f45dfa731a4bb822e44c1af8e6c,
        type: 3}
      propertyPath: m_RootOrder
      value: 1
      objectReference: {fileID: 0}
    - target: {fileID: 1895986095243807033, guid: a63c0f45dfa731a4bb822e44c1af8e6c,
        type: 3}
      propertyPath: m_LocalEulerAnglesHint.x
      value: 0
      objectReference: {fileID: 0}
    - target: {fileID: 1895986095243807033, guid: a63c0f45dfa731a4bb822e44c1af8e6c,
        type: 3}
      propertyPath: m_LocalEulerAnglesHint.y
      value: 0
      objectReference: {fileID: 0}
    - target: {fileID: 1895986095243807033, guid: a63c0f45dfa731a4bb822e44c1af8e6c,
        type: 3}
      propertyPath: m_LocalEulerAnglesHint.z
      value: 0
      objectReference: {fileID: 0}
    - target: {fileID: 1895986095243807033, guid: a63c0f45dfa731a4bb822e44c1af8e6c,
        type: 3}
      propertyPath: m_LocalScale.x
      value: 0.9465
      objectReference: {fileID: 0}
    - target: {fileID: 1895986095243807033, guid: a63c0f45dfa731a4bb822e44c1af8e6c,
        type: 3}
      propertyPath: m_LocalScale.y
      value: 0.9465
      objectReference: {fileID: 0}
    - target: {fileID: 1895986095243807033, guid: a63c0f45dfa731a4bb822e44c1af8e6c,
        type: 3}
      propertyPath: m_LocalScale.z
      value: 1
      objectReference: {fileID: 0}
    - target: {fileID: 8131146382330841241, guid: a63c0f45dfa731a4bb822e44c1af8e6c,
        type: 3}
      propertyPath: m_Name
      value: Block (1)
      objectReference: {fileID: 0}
    m_RemovedComponents: []
  m_SourcePrefab: {fileID: 100100000, guid: a63c0f45dfa731a4bb822e44c1af8e6c, type: 3}
--- !u!4 &8700828518104609265 stripped
Transform:
  m_CorrespondingSourceObject: {fileID: 1895986095243807033, guid: a63c0f45dfa731a4bb822e44c1af8e6c,
    type: 3}
  m_PrefabInstance: {fileID: 7129312829301127368}
  m_PrefabAsset: {fileID: 0}
--- !u!1001 &7129312829825671902
PrefabInstance:
  m_ObjectHideFlags: 0
  serializedVersion: 2
  m_Modification:
    m_TransformParent: {fileID: 7129312828871408959}
    m_Modifications:
    - target: {fileID: 58494081628797629, guid: a63c0f45dfa731a4bb822e44c1af8e6c,
        type: 3}
      propertyPath: parent
      value: 
      objectReference: {fileID: 7129312828871408952}
    - target: {fileID: 1895986095243807033, guid: a63c0f45dfa731a4bb822e44c1af8e6c,
        type: 3}
      propertyPath: m_LocalPosition.x
      value: 0
      objectReference: {fileID: 0}
    - target: {fileID: 1895986095243807033, guid: a63c0f45dfa731a4bb822e44c1af8e6c,
        type: 3}
      propertyPath: m_LocalPosition.y
      value: 1
      objectReference: {fileID: 0}
    - target: {fileID: 1895986095243807033, guid: a63c0f45dfa731a4bb822e44c1af8e6c,
        type: 3}
      propertyPath: m_LocalPosition.z
      value: 0
      objectReference: {fileID: 0}
    - target: {fileID: 1895986095243807033, guid: a63c0f45dfa731a4bb822e44c1af8e6c,
        type: 3}
      propertyPath: m_LocalRotation.x
      value: -0
      objectReference: {fileID: 0}
    - target: {fileID: 1895986095243807033, guid: a63c0f45dfa731a4bb822e44c1af8e6c,
        type: 3}
      propertyPath: m_LocalRotation.y
      value: -0
      objectReference: {fileID: 0}
    - target: {fileID: 1895986095243807033, guid: a63c0f45dfa731a4bb822e44c1af8e6c,
        type: 3}
      propertyPath: m_LocalRotation.z
      value: -0
      objectReference: {fileID: 0}
    - target: {fileID: 1895986095243807033, guid: a63c0f45dfa731a4bb822e44c1af8e6c,
        type: 3}
      propertyPath: m_LocalRotation.w
      value: 1
      objectReference: {fileID: 0}
    - target: {fileID: 1895986095243807033, guid: a63c0f45dfa731a4bb822e44c1af8e6c,
        type: 3}
      propertyPath: m_RootOrder
      value: 3
      objectReference: {fileID: 0}
    - target: {fileID: 1895986095243807033, guid: a63c0f45dfa731a4bb822e44c1af8e6c,
        type: 3}
      propertyPath: m_LocalEulerAnglesHint.x
      value: 0
      objectReference: {fileID: 0}
    - target: {fileID: 1895986095243807033, guid: a63c0f45dfa731a4bb822e44c1af8e6c,
        type: 3}
      propertyPath: m_LocalEulerAnglesHint.y
      value: 0
      objectReference: {fileID: 0}
    - target: {fileID: 1895986095243807033, guid: a63c0f45dfa731a4bb822e44c1af8e6c,
        type: 3}
      propertyPath: m_LocalEulerAnglesHint.z
      value: 0
      objectReference: {fileID: 0}
    - target: {fileID: 1895986095243807033, guid: a63c0f45dfa731a4bb822e44c1af8e6c,
        type: 3}
      propertyPath: m_LocalScale.x
      value: 0.9465
      objectReference: {fileID: 0}
    - target: {fileID: 1895986095243807033, guid: a63c0f45dfa731a4bb822e44c1af8e6c,
        type: 3}
      propertyPath: m_LocalScale.y
      value: 0.9465
      objectReference: {fileID: 0}
    - target: {fileID: 1895986095243807033, guid: a63c0f45dfa731a4bb822e44c1af8e6c,
        type: 3}
      propertyPath: m_LocalScale.z
      value: 1
      objectReference: {fileID: 0}
    - target: {fileID: 8131146382330841241, guid: a63c0f45dfa731a4bb822e44c1af8e6c,
        type: 3}
      propertyPath: m_Name
      value: Block (3)
      objectReference: {fileID: 0}
    m_RemovedComponents: []
  m_SourcePrefab: {fileID: 100100000, guid: a63c0f45dfa731a4bb822e44c1af8e6c, type: 3}
--- !u!4 &8700828517554891751 stripped
Transform:
  m_CorrespondingSourceObject: {fileID: 1895986095243807033, guid: a63c0f45dfa731a4bb822e44c1af8e6c,
    type: 3}
  m_PrefabInstance: {fileID: 7129312829825671902}
  m_PrefabAsset: {fileID: 0}
