%YAML 1.1
%TAG !u! tag:unity3d.com,2011:
--- !u!1 &3172804699874427948
GameObject:
  m_ObjectHideFlags: 0
  m_CorrespondingSourceObject: {fileID: 0}
  m_PrefabInstance: {fileID: 0}
  m_PrefabAsset: {fileID: 0}
  serializedVersion: 6
  m_Component:
  - component: {fileID: 2446560726249866563}
  - component: {fileID: -8660138544779614717}
  m_Layer: 0
  m_Name: Z Tetronome
  m_TagString: Untagged
  m_Icon: {fileID: 0}
  m_NavMeshLayer: 0
  m_StaticEditorFlags: 0
  m_IsActive: 1
--- !u!4 &2446560726249866563
Transform:
  m_ObjectHideFlags: 0
  m_CorrespondingSourceObject: {fileID: 0}
  m_PrefabInstance: {fileID: 0}
  m_PrefabAsset: {fileID: 0}
  m_GameObject: {fileID: 3172804699874427948}
  m_LocalRotation: {x: 0, y: 0, z: 0, w: 1}
  m_LocalPosition: {x: 0, y: 0, z: 0}
  m_LocalScale: {x: 1, y: 1, z: 1}
  m_Children:
  - {fileID: 3801342216893316211}
  - {fileID: 4397664552254193123}
  - {fileID: 8030161766106294571}
  - {fileID: 3479694455840999138}
  m_Father: {fileID: 0}
  m_RootOrder: 0
  m_LocalEulerAnglesHint: {x: 0, y: 0, z: 0}
--- !u!114 &-8660138544779614717
MonoBehaviour:
  m_ObjectHideFlags: 0
  m_CorrespondingSourceObject: {fileID: 0}
  m_PrefabInstance: {fileID: 0}
  m_PrefabAsset: {fileID: 0}
  m_GameObject: {fileID: 3172804699874427948}
  m_Enabled: 1
  m_EditorHideFlags: 0
  m_Script: {fileID: 11500000, guid: 3052699861b4de94eba186b80abc8b1d, type: 3}
  m_Name: 
  m_EditorClassIdentifier: 
  isActive: 1
  canGoRight: 1
  canGoLeft: 1
  canRotate: 1
  fallCountdown: 1
  gameManager: {fileID: 0}
--- !u!1001 &2830584738893690074
PrefabInstance:
  m_ObjectHideFlags: 0
  serializedVersion: 2
  m_Modification:
    m_TransformParent: {fileID: 2446560726249866563}
    m_Modifications:
    - target: {fileID: 58494081628797629, guid: a63c0f45dfa731a4bb822e44c1af8e6c,
        type: 3}
      propertyPath: parent
      value: 
      objectReference: {fileID: -8660138544779614717}
    - target: {fileID: 1895986095243807033, guid: a63c0f45dfa731a4bb822e44c1af8e6c,
        type: 3}
      propertyPath: m_LocalPosition.x
      value: -1
      objectReference: {fileID: 0}
    - target: {fileID: 1895986095243807033, guid: a63c0f45dfa731a4bb822e44c1af8e6c,
        type: 3}
      propertyPath: m_LocalPosition.y
      value: 1
      objectReference: {fileID: 0}
    - target: {fileID: 1895986095243807033, guid: a63c0f45dfa731a4bb822e44c1af8e6c,
        type: 3}
      propertyPath: m_LocalPosition.z
      value: 0
      objectReference: {fileID: 0}
    - target: {fileID: 1895986095243807033, guid: a63c0f45dfa731a4bb822e44c1af8e6c,
        type: 3}
      propertyPath: m_LocalRotation.x
      value: 0
      objectReference: {fileID: 0}
    - target: {fileID: 1895986095243807033, guid: a63c0f45dfa731a4bb822e44c1af8e6c,
        type: 3}
      propertyPath: m_LocalRotation.y
      value: 0
      objectReference: {fileID: 0}
    - target: {fileID: 1895986095243807033, guid: a63c0f45dfa731a4bb822e44c1af8e6c,
        type: 3}
      propertyPath: m_LocalRotation.z
      value: 0
      objectReference: {fileID: 0}
    - target: {fileID: 1895986095243807033, guid: a63c0f45dfa731a4bb822e44c1af8e6c,
        type: 3}
      propertyPath: m_LocalRotation.w
      value: 1
      objectReference: {fileID: 0}
    - target: {fileID: 1895986095243807033, guid: a63c0f45dfa731a4bb822e44c1af8e6c,
        type: 3}
      propertyPath: m_RootOrder
      value: 1
      objectReference: {fileID: 0}
    - target: {fileID: 1895986095243807033, guid: a63c0f45dfa731a4bb822e44c1af8e6c,
        type: 3}
      propertyPath: m_LocalEulerAnglesHint.x
      value: 0
      objectReference: {fileID: 0}
    - target: {fileID: 1895986095243807033, guid: a63c0f45dfa731a4bb822e44c1af8e6c,
        type: 3}
      propertyPath: m_LocalEulerAnglesHint.y
      value: 0
      objectReference: {fileID: 0}
    - target: {fileID: 1895986095243807033, guid: a63c0f45dfa731a4bb822e44c1af8e6c,
        type: 3}
      propertyPath: m_LocalEulerAnglesHint.z
      value: 0
      objectReference: {fileID: 0}
    - target: {fileID: 1895986095243807033, guid: a63c0f45dfa731a4bb822e44c1af8e6c,
        type: 3}
      propertyPath: m_LocalScale.x
      value: 0.9465
      objectReference: {fileID: 0}
    - target: {fileID: 1895986095243807033, guid: a63c0f45dfa731a4bb822e44c1af8e6c,
        type: 3}
      propertyPath: m_LocalScale.y
      value: 0.9465
      objectReference: {fileID: 0}
    - target: {fileID: 8131146382330841241, guid: a63c0f45dfa731a4bb822e44c1af8e6c,
        type: 3}
      propertyPath: m_Name
      value: Block (5)
      objectReference: {fileID: 0}
    m_RemovedComponents: []
  m_SourcePrefab: {fileID: 100100000, guid: a63c0f45dfa731a4bb822e44c1af8e6c, type: 3}
--- !u!4 &4397664552254193123 stripped
Transform:
  m_CorrespondingSourceObject: {fileID: 1895986095243807033, guid: a63c0f45dfa731a4bb822e44c1af8e6c,
    type: 3}
  m_PrefabInstance: {fileID: 2830584738893690074}
  m_PrefabAsset: {fileID: 0}
--- !u!1001 &3028036216128458715
PrefabInstance:
  m_ObjectHideFlags: 0
  serializedVersion: 2
  m_Modification:
    m_TransformParent: {fileID: 2446560726249866563}
    m_Modifications:
    - target: {fileID: 58494081628797629, guid: a63c0f45dfa731a4bb822e44c1af8e6c,
        type: 3}
      propertyPath: parent
      value: 
      objectReference: {fileID: -8660138544779614717}
    - target: {fileID: 1895986095243807033, guid: a63c0f45dfa731a4bb822e44c1af8e6c,
        type: 3}
      propertyPath: m_LocalPosition.x
      value: -1
      objectReference: {fileID: 0}
    - target: {fileID: 1895986095243807033, guid: a63c0f45dfa731a4bb822e44c1af8e6c,
        type: 3}
      propertyPath: m_LocalPosition.y
      value: 0
      objectReference: {fileID: 0}
    - target: {fileID: 1895986095243807033, guid: a63c0f45dfa731a4bb822e44c1af8e6c,
        type: 3}
      propertyPath: m_LocalPosition.z
      value: 0
      objectReference: {fileID: 0}
    - target: {fileID: 1895986095243807033, guid: a63c0f45dfa731a4bb822e44c1af8e6c,
        type: 3}
      propertyPath: m_LocalRotation.x
      value: 0
      objectReference: {fileID: 0}
    - target: {fileID: 1895986095243807033, guid: a63c0f45dfa731a4bb822e44c1af8e6c,
        type: 3}
      propertyPath: m_LocalRotation.y
      value: 0
      objectReference: {fileID: 0}
    - target: {fileID: 1895986095243807033, guid: a63c0f45dfa731a4bb822e44c1af8e6c,
        type: 3}
      propertyPath: m_LocalRotation.z
      value: 0
      objectReference: {fileID: 0}
    - target: {fileID: 1895986095243807033, guid: a63c0f45dfa731a4bb822e44c1af8e6c,
        type: 3}
      propertyPath: m_LocalRotation.w
      value: 1
      objectReference: {fileID: 0}
    - target: {fileID: 1895986095243807033, guid: a63c0f45dfa731a4bb822e44c1af8e6c,
        type: 3}
      propertyPath: m_RootOrder
      value: 3
      objectReference: {fileID: 0}
    - target: {fileID: 1895986095243807033, guid: a63c0f45dfa731a4bb822e44c1af8e6c,
        type: 3}
      propertyPath: m_LocalEulerAnglesHint.x
      value: 0
      objectReference: {fileID: 0}
    - target: {fileID: 1895986095243807033, guid: a63c0f45dfa731a4bb822e44c1af8e6c,
        type: 3}
      propertyPath: m_LocalEulerAnglesHint.y
      value: 0
      objectReference: {fileID: 0}
    - target: {fileID: 1895986095243807033, guid: a63c0f45dfa731a4bb822e44c1af8e6c,
        type: 3}
      propertyPath: m_LocalEulerAnglesHint.z
      value: 0
      objectReference: {fileID: 0}
    - target: {fileID: 1895986095243807033, guid: a63c0f45dfa731a4bb822e44c1af8e6c,
        type: 3}
      propertyPath: m_LocalScale.x
      value: 0.9465
      objectReference: {fileID: 0}
    - target: {fileID: 1895986095243807033, guid: a63c0f45dfa731a4bb822e44c1af8e6c,
        type: 3}
      propertyPath: m_LocalScale.y
      value: 0.9465
      objectReference: {fileID: 0}
    - target: {fileID: 8131146382330841241, guid: a63c0f45dfa731a4bb822e44c1af8e6c,
        type: 3}
      propertyPath: m_Name
      value: Block (7)
      objectReference: {fileID: 0}
    m_RemovedComponents: []
  m_SourcePrefab: {fileID: 100100000, guid: a63c0f45dfa731a4bb822e44c1af8e6c, type: 3}
--- !u!4 &3479694455840999138 stripped
Transform:
  m_CorrespondingSourceObject: {fileID: 1895986095243807033, guid: a63c0f45dfa731a4bb822e44c1af8e6c,
    type: 3}
  m_PrefabInstance: {fileID: 3028036216128458715}
  m_PrefabAsset: {fileID: 0}
--- !u!1001 &3354884673620243786
PrefabInstance:
  m_ObjectHideFlags: 0
  serializedVersion: 2
  m_Modification:
    m_TransformParent: {fileID: 2446560726249866563}
    m_Modifications:
    - target: {fileID: 58494081628797629, guid: a63c0f45dfa731a4bb822e44c1af8e6c,
        type: 3}
      propertyPath: parent
      value: 
      objectReference: {fileID: -8660138544779614717}
    - target: {fileID: 1895986095243807033, guid: a63c0f45dfa731a4bb822e44c1af8e6c,
        type: 3}
      propertyPath: m_LocalPosition.x
      value: 0
      objectReference: {fileID: 0}
    - target: {fileID: 1895986095243807033, guid: a63c0f45dfa731a4bb822e44c1af8e6c,
        type: 3}
      propertyPath: m_LocalPosition.y
      value: 0
      objectReference: {fileID: 0}
    - target: {fileID: 1895986095243807033, guid: a63c0f45dfa731a4bb822e44c1af8e6c,
        type: 3}
      propertyPath: m_LocalPosition.z
      value: 0
      objectReference: {fileID: 0}
    - target: {fileID: 1895986095243807033, guid: a63c0f45dfa731a4bb822e44c1af8e6c,
        type: 3}
      propertyPath: m_LocalRotation.x
      value: 0
      objectReference: {fileID: 0}
    - target: {fileID: 1895986095243807033, guid: a63c0f45dfa731a4bb822e44c1af8e6c,
        type: 3}
      propertyPath: m_LocalRotation.y
      value: 0
      objectReference: {fileID: 0}
    - target: {fileID: 1895986095243807033, guid: a63c0f45dfa731a4bb822e44c1af8e6c,
        type: 3}
      propertyPath: m_LocalRotation.z
      value: 0
      objectReference: {fileID: 0}
    - target: {fileID: 1895986095243807033, guid: a63c0f45dfa731a4bb822e44c1af8e6c,
        type: 3}
      propertyPath: m_LocalRotation.w
      value: 1
      objectReference: {fileID: 0}
    - target: {fileID: 1895986095243807033, guid: a63c0f45dfa731a4bb822e44c1af8e6c,
        type: 3}
      propertyPath: m_RootOrder
      value: 0
      objectReference: {fileID: 0}
    - target: {fileID: 1895986095243807033, guid: a63c0f45dfa731a4bb822e44c1af8e6c,
        type: 3}
      propertyPath: m_LocalEulerAnglesHint.x
      value: 0
      objectReference: {fileID: 0}
    - target: {fileID: 1895986095243807033, guid: a63c0f45dfa731a4bb822e44c1af8e6c,
        type: 3}
      propertyPath: m_LocalEulerAnglesHint.y
      value: 0
      objectReference: {fileID: 0}
    - target: {fileID: 1895986095243807033, guid: a63c0f45dfa731a4bb822e44c1af8e6c,
        type: 3}
      propertyPath: m_LocalEulerAnglesHint.z
      value: 0
      objectReference: {fileID: 0}
    - target: {fileID: 1895986095243807033, guid: a63c0f45dfa731a4bb822e44c1af8e6c,
        type: 3}
      propertyPath: m_LocalScale.x
      value: 0.9465
      objectReference: {fileID: 0}
    - target: {fileID: 1895986095243807033, guid: a63c0f45dfa731a4bb822e44c1af8e6c,
        type: 3}
      propertyPath: m_LocalScale.y
      value: 0.9465
      objectReference: {fileID: 0}
    - target: {fileID: 8131146382330841241, guid: a63c0f45dfa731a4bb822e44c1af8e6c,
        type: 3}
      propertyPath: m_Name
      value: Block (4)
      objectReference: {fileID: 0}
    m_RemovedComponents: []
  m_SourcePrefab: {fileID: 100100000, guid: a63c0f45dfa731a4bb822e44c1af8e6c, type: 3}
--- !u!4 &3801342216893316211 stripped
Transform:
  m_CorrespondingSourceObject: {fileID: 1895986095243807033, guid: a63c0f45dfa731a4bb822e44c1af8e6c,
    type: 3}
  m_PrefabInstance: {fileID: 3354884673620243786}
  m_PrefabAsset: {fileID: 0}
--- !u!1001 &8448533936260653074
PrefabInstance:
  m_ObjectHideFlags: 0
  serializedVersion: 2
  m_Modification:
    m_TransformParent: {fileID: 2446560726249866563}
    m_Modifications:
    - target: {fileID: 58494081628797629, guid: a63c0f45dfa731a4bb822e44c1af8e6c,
        type: 3}
      propertyPath: parent
      value: 
      objectReference: {fileID: -8660138544779614717}
    - target: {fileID: 1895986095243807033, guid: a63c0f45dfa731a4bb822e44c1af8e6c,
        type: 3}
      propertyPath: m_LocalPosition.x
      value: -2
      objectReference: {fileID: 0}
    - target: {fileID: 1895986095243807033, guid: a63c0f45dfa731a4bb822e44c1af8e6c,
        type: 3}
      propertyPath: m_LocalPosition.y
      value: 1
      objectReference: {fileID: 0}
    - target: {fileID: 1895986095243807033, guid: a63c0f45dfa731a4bb822e44c1af8e6c,
        type: 3}
      propertyPath: m_LocalPosition.z
      value: 0
      objectReference: {fileID: 0}
    - target: {fileID: 1895986095243807033, guid: a63c0f45dfa731a4bb822e44c1af8e6c,
        type: 3}
      propertyPath: m_LocalRotation.x
      value: 0
      objectReference: {fileID: 0}
    - target: {fileID: 1895986095243807033, guid: a63c0f45dfa731a4bb822e44c1af8e6c,
        type: 3}
      propertyPath: m_LocalRotation.y
      value: 0
      objectReference: {fileID: 0}
    - target: {fileID: 1895986095243807033, guid: a63c0f45dfa731a4bb822e44c1af8e6c,
        type: 3}
      propertyPath: m_LocalRotation.z
      value: 0
      objectReference: {fileID: 0}
    - target: {fileID: 1895986095243807033, guid: a63c0f45dfa731a4bb822e44c1af8e6c,
        type: 3}
      propertyPath: m_LocalRotation.w
      value: 1
      objectReference: {fileID: 0}
    - target: {fileID: 1895986095243807033, guid: a63c0f45dfa731a4bb822e44c1af8e6c,
        type: 3}
      propertyPath: m_RootOrder
      value: 2
      objectReference: {fileID: 0}
    - target: {fileID: 1895986095243807033, guid: a63c0f45dfa731a4bb822e44c1af8e6c,
        type: 3}
      propertyPath: m_LocalEulerAnglesHint.x
      value: 0
      objectReference: {fileID: 0}
    - target: {fileID: 1895986095243807033, guid: a63c0f45dfa731a4bb822e44c1af8e6c,
        type: 3}
      propertyPath: m_LocalEulerAnglesHint.y
      value: 0
      objectReference: {fileID: 0}
    - target: {fileID: 1895986095243807033, guid: a63c0f45dfa731a4bb822e44c1af8e6c,
        type: 3}
      propertyPath: m_LocalEulerAnglesHint.z
      value: 0
      objectReference: {fileID: 0}
    - target: {fileID: 1895986095243807033, guid: a63c0f45dfa731a4bb822e44c1af8e6c,
        type: 3}
      propertyPath: m_LocalScale.x
      value: 0.9465
      objectReference: {fileID: 0}
    - target: {fileID: 1895986095243807033, guid: a63c0f45dfa731a4bb822e44c1af8e6c,
        type: 3}
      propertyPath: m_LocalScale.y
      value: 0.9465
      objectReference: {fileID: 0}
    - target: {fileID: 8131146382330841241, guid: a63c0f45dfa731a4bb822e44c1af8e6c,
        type: 3}
      propertyPath: m_Name
      value: Block (6)
      objectReference: {fileID: 0}
    m_RemovedComponents: []
  m_SourcePrefab: {fileID: 100100000, guid: a63c0f45dfa731a4bb822e44c1af8e6c, type: 3}
--- !u!4 &8030161766106294571 stripped
Transform:
  m_CorrespondingSourceObject: {fileID: 1895986095243807033, guid: a63c0f45dfa731a4bb822e44c1af8e6c,
    type: 3}
  m_PrefabInstance: {fileID: 8448533936260653074}
  m_PrefabAsset: {fileID: 0}
